3112 4936
331 411 469 482 llxpositio
489 413 624 481 euangelii
642 413 732 468 Lucae
750 413 774 466 V
794 415 899 470 ‘ll-75
918 416 999 482 (1372
1020 417 1152 472 n-1373
1172 418 1213 486 Ε).
1274 423 1337 485 211

193 605 420 691 benignitatem
449 606 540 677 odiis,
572 609 647 672 uota
675 608 865 686 maledictis,
895 611 1039 676 subsidia
1066 615 1340 696 persequentibus,

192 713 378 797 punientiam
415 713 629 780 esurientibus
667 719 699 778 et
731 717 865 800 gratiam
902 719 1165 784 remunerationis
1200 721 1340 801 inpertit.

192 825 309 903 quanto
334 819 453 884 athleta
476 821 654 904 perfectior,
679 822 818 903 quinon
843 825 942 888 sentit
964 825 1126 890 iniuriam!

72 915 120 978 74
236 927 278 990 nt
290 946 328 990 ne
348 927 495 992 uideatur
512 927 660 992 dominus
679 929 783 1012 legem
803 929 990 1006 dissoluere,
1009 931 1041 994 in
1062 931 1220 996 beneficiis
1237 931 1340 995 uicem

56 1045 85 1098 6,
103 1044 130 1088 ιι
161 1037 310 1110 sseruat,
335 1053 429 1116 quam
453 1034 596 1118 neglegit
618 1033 649 1098 in
672 1034 807 1100 iniuriis.
832 1035 888 1102 sed
911 1039 1024 1130 tamen*
1045 1036 1192 1102 dicendo:
1222 1043 1343 1119 prout

192 1141 326 1204 uultis
350 1144 393 1204 ut
416 1140 574 1204 faciant
601 1141 719 1206 uobis
748 1141 932 1208 homines
962 1143 1089 1208 tacite
1117 1143 1209 1210 illis
1234 1144 1342 1209 simi-

191 1247 291 1312 liter
322 1247 513 1312 uicissitndo
546 1248 616 1330 ipsa
649 1249 841 1314 cumulatior
873 1252 932 1327 est,
971 1249 1094 1332 quando
1127 1225 1213 1314 uotis
1251 1253 1341 1315 aetus

193 1356 354 1436 nequatur.
382 1353 484 1420 nescit
510 1353 593 1418 enim
621 1355 725 1420 uirtus
753 1375 933 1421 mensnram
962 1357 1081 1440 gratiae
1109 1375 1167 1421 nec
1196 1357 1386 1421 contentaC

192 1461 307 1526 referre
331 1461 416 1544 qnod
439 1462 595 1543 acceperit
619 1463 691 1526 uult
714 1465 876 1528 cumulare
901 1463 985 1546 quod
1013 1463 1171 1542 sumserit,
1199 1483 1237 1528 ne
1265 1463 1341 1528 infe·

149 1586 174 1624 ιο
193 1569 257 1633 rior
288 1567 332 1632 sit
363 1567 528 1648 beneficio,
561 1569 638 1633 lieet
670 1573 824 1652 aequetur
855 1570 967 1636 officio.
1003 1589 1063 1634 non
1097 1569 1180 1636 onim
1214 1571 1341 1634 cumulo

192 1678 328 1752 tantum,
362 1673 418 1738 sed
452 1675 560 1740 ordine
589 1679 622 1740 et
648 1678 790 1758 tempore
818 1676 969 1742 beneficia
995 1679 1178 1759 pensantur,
1211 1695 1283 1741 oum
1310 1677 1341 1742 in

192 1781 344 1846 beneficio
369 1781 435 1864 pari
459 1781 543 1864 prior
561 1782 605 1846 sit
623 1782 781 1870 qniprior
799 1783 918 1866 coepit;
938 1782 1097 1848 beneficus
1117 1783 1200 1847 enim
1220 1784 1342 1866 estqui

194 1887 327 1972 gratiam
347 1887 497 1970 coeperit,
518 1887 641 1952 debitor
660 1889 714 1970 qui
732 1889 902 1954 rettulerit.
923 1888 1009 1954 aliud
1027 1890 1134 1971 itaque
1152 1888 1341 1953 beneficium

194 1999 245 2060 est
267 1995 410 2060 beneficii
433 1994 643 2078 principatum
673 2015 744 2060 nam
772 1995 800 2062 si
828 1997 883 2077 qni
909 1996 1076 2078 pecuniam
1104 1995 1253 2068 reddidit,
1281 2014 1341 2059 non

150 2119 175 2162 ιι
195 2101 294 2166 soluit
316 2101 451 2186 gratiam
470 2107 638 2184 manetque
658 2103 776 2186 gratiae
798 2101 930 2176 debitor,
951 2103 1012 2167 etsi
1030 2103 1091 2167 iam
1107 2120 1168 2166 non
1189 2101 1231 2166 sit
1249 2119 1343 2184 pecu-
1362 2113 1386 2167 Ι)

194 2208 272 2272 niae.
305 2227 362 2272 cur
392 2209 526 2292 gratiam
559 2208 721 2273 referendo
758 2213 909 2290 putemus
941 2227 1037 2290 posse
1072 2207 1212 2284 uacuari,
1250 2207 1342 2271 onius

71 2323 121 2386 75
194 2314 306 2380 relatio
330 2319 476 2398 acceptae
504 2315 607 2398 magis
637 2318 687 2380 est
712 2315 931 2381 testimonium
961 2334 1056 2398 quam
1085 2315 1230 2380 solutae?
1260 2315 1341 2377 bono

194 2421 302 2504 itaque
332 2422 474 2503 exemplo
502 2421 646 2486 inbuitur
673 2420 883 2500 Christianus,
916 2427 952 2486 ut
983 2441 1042 2487 non
1077 2425 1243 2486 contentus
1275 2419 1342 2484 iure

195 2535 324 2594 naturae
348 2528 480 2612 gratiam
504 2529 572 2593 eius
596 2530 743 2611 requirat.
773 2530 800 2594 si
824 2530 905 2594 euim
931 2547 1085 2594 conmune
1109 2530 1159 2592 est
1185 2527 1342 2600 omnibus,

149 2653 175 2692 eo
196 2634 291 2698 etiam
315 2634 534 2716 peccatoribus
557 2633 727 2712 redamare,
752 2635 803 2700 cui
828 2653 927 2719 genus
951 2633 1158 2718 professionis
1177 2631 1342 2706 excelsius,

194 2741 336 2805 studium
360 2759 485 2824 quoqne
509 2739 603 2806 debet
626 2760 695 2806 esse
719 2741 850 2806 uirtutis
874 2741 1014 2818 uberior,
1038 2743 1076 2804 ut
1103 2739 1217 2824 diligat
1247 2738 1342 2802 etiam

195 2867 255 2912 non
288 2850 438 2912 amantes.
471 2866 543 2912 narn
576 2848 637 2912 etsi
670 2848 756 2912 nulla
784 2848 896 2912 merita
924 2847 1076 2930 diligendi
1104 2865 1199 2912 usum
1227 2843 1342 2908 amoris

194 2953 370 3032 excludant,
393 2973 453 3018 non
477 2957 583 3018 tamen
605 2955 736 3019 uirtutis
755 2953 953 3018 excluserint.
975 2955 1059 3018 sicut
1077 2953 1160 3018 enim
1178 2953 1210 3015 in
1230 2971 1265 3016 eo
1286 2950 1339 3032 qni
1364 2957 1386 3010 Ε

194 3063 226 3126 te
245 3061 351 3144 diligit
363 3061 463 3144 pudet
481 3063 613 3146 gratiam
633 3081 694 3126 non
714 3061 828 3126 referre
848 3065 881 3126 et
899 3061 1019 3145 gratiae
1039 3079 1143 3125 amore
1162 3057 1341 3124 referendae

146 3192 175 3234 aa
195 3185 283 3232 amor
304 3167 364 3232 tibi
387 3167 456 3232 eius
480 3168 627 3234 inolescit
650 3187 743 3251 quem
768 3171 860 3232 antea
882 3187 943 3232 non
967 3168 1105 3243 amabas,
1128 3167 1175 3230 ita
1196 3165 1290 3229 etiam
1310 3162 1342 3226 in

195 3293 232 3339 eo
253 3273 306 3355 qui
324 3293 384 3340 non
404 3279 489 3340 amat
508 3275 604 3340 debes
624 3293 728 3340 amare
747 3275 909 3348 uirtutem,
929 3277 966 3337 ut
985 3273 1059 3338 dnm
1075 3273 1227 3338 uirtutem
1243 3287 1341 3344 amas,

193 3380 328 3463 incipias
356 3399 428 3446 eum
457 3401 560 3446 amare
588 3401 681 3464 quem
710 3400 769 3446 non
799 3381 938 3456 amabas,
968 3399 1040 3444 cum
1067 3399 1136 3444 rara
1164 3380 1196 3442 et
1224 3375 1343 3440 caduca

194 3489 403 3553 remuneratio
428 3488 471 3552 sit
494 3489 640 3566 amantis,
665 3487 855 3569 sempiterna
878 3487 1018 3551 uirtutis

177 3753 182 3764 .
232 3687 651 3758 lbenignitatem...snbsidia
669 3689 701 3742 io
718 3705 769 3759 mg.
787 3687 841 3756 ius.
859 3687 888 3742 P
967 3688 1167 3742 'lnioesaitudo
1187 3689 1207 3756 (i
1225 3705 1247 3744 s.
1267 3705 1281 3742 e
1296 3705 1341 3756 pr.

194 3780 250 3845 m2)
270 3777 297 3830 P
397 3779 413 3832 9
433 3777 530 3832 sumsit
548 3777 576 3831 P
593 3779 710 3847 sumpsit
727 3777 754 3831 L
773 3783 925 3848 sumpserat
947 3777 972 3830 T
1080 3779 1112 3831 10
1132 3777 1268 3832 cumulato
1287 3777 1344 3832 ET

196 3867 225 3920 ll
248 3870 395 3936 pensantur
413 3869 441 3934 (n
462 3867 511 3920 alt.
529 3883 551 3919 s.
570 3869 609 3932 u.)
627 3865 655 3920 P
780 3867 813 3920 12
832 3865 962 3920 benificus
982 3865 1024 3918 Pr
1151 3867 1183 3921 13
1202 3865 1342 3920 rettulerit

192 3959 217 4024 (t
230 3971 276 4024 pr.
296 3957 377 4022 erce.)
396 3955 424 4008 P
479 3957 511 4009 ld
530 3973 584 4008 non
603 3955 656 4009 iam
676 3959 737 4023 (cru.
758 3955 805 4022 sit)
824 3955 854 4008 X
918 3955 950 4008 16
970 3955 1079 4008 uacuari
1099 3957 1127 4022 (u
1147 3954 1198 4008 alt.
1216 3971 1237 4008 a.
1257 3957 1296 4020 u.)
1316 3955 1343 4007 P

193 4061 289 4099 uacare
309 4044 339 4097 X
376 4045 407 4098 l‘l
428 4061 509 4114 qnam
528 4044 669 4098 absolutae
687 4042 741 4098 PL
760 4043 900 4097 consultae
919 4047 980 4110 (oro.
996 4047 1087 4112 qnam)
1103 4043 1130 4096 B
1166 4043 1198 4096 21
1220 4041 1340 4111 diligant

193 4133 277 4187 etiam
296 4131 324 4186 P
340 4137 397 4202 (m3
416 4150 449 4188 ex
468 4132 649 4203 diligentiam)
669 4133 700 4186 X
716 4133 877 4202 (diligantur
894 4135 941 4186 m2
966 4132 1002 4200 V)
1074 4134 1109 4186 22
1128 4133 1201 4202 nam]
1222 4119 1270 4186 ma
1284 4131 1341 4184 LX

192 4221 229 4275 24
248 4220 340 4291 diligit
358 4223 378 4288 (i
398 4223 448 4276 alt.
468 4225 609 4288 aaem2)
624 4221 651 4276 P
699 4223 734 4275 25
754 4222 811 4276 eins
831 4221 938 4291 om.P{
1010 4225 1074 4276 ante
1093 4223 1122 4276 X
1174 4221 1209 4274 27
1230 4220 1339 4274 amabas

193 4309 282 4381 ano,
301 4327 375 4364 amas
394 4317 442 4366 eet.
497 4311 531 4365 28
552 4311 587 4364 sit
606 4315 786 4366 remuneratio
806 4312 836 4364 X

1253 4413 1299 4466 14*
