3112 4936
360 461 501 532 Expositio
521 461 656 532 euangelii
674 460 762 515 Lucae
782 460 837 514 1111
857 461 963 514 51-54
981 462 1062 529 (1348
1080 459 1182 526 A-F).
1278 465 1340 526 165

195 655 273 718 dixit
292 654 457 738 apostolus
477 655 518 717 ‘te
539 653 664 730 solum,
690 653 745 718 sed
769 656 808 717 tc
832 653 962 735 ipsum
983 657 1138 718 castum
1164 655 1339 720 custodi.

196 762 357 844 quaeritur
381 780 454 844 ergo
478 779 538 825 non
568 761 753 825 solumina
781 761 819 825 ab
843 761 1065 826 huiuscemodi
1094 762 1251 840 nundinis,
1285 762 1384 826 sedD

195 869 292 933 etiam
307 869 419 932 domus
434 871 507 932 tuae
523 867 669 944 castitas;
690 871 853 950 oportet
871 868 952 932 enim
975 887 1064 932 esse
1084 869 1341 950 inreprehen-

195 975 360 1040 sibilem
381 975 645 1054 sacerdotem,
666 993 761 1039 suae
782 975 915 1039 domui
931 976 1029 1038 bene
1046 975 1339 1058 praepositum,

163 1081 312 1146 atilios
345 1082 556 1146 habentem
586 1081 778 1146 subditos
808 1101 893 1146 cum
926 1082 1030 1147 omni
1059 1083 1271 1146 castitate.
1305 1082 1339 1146 si

194 1188 284 1270 quis
309 1192 441 1251 autem
467 1187 599 1250 domui
624 1205 720 1251 suae
742 1206 936 1268 praeesse
960 1187 1108 1255 nescit.
1142 1187 1339 1270 quomodo

194 1294 397 1360 eccle-siae
422 1294 684 1378 diligentiam
709 1293 899 1358 habebit?
922 1294 1044 1358 instrue
1074 1313 1147 1378 ergo
1175 1293 1339 1370 familiam,

193 1403 327 1478 hortare,
365 1401 490 1465 custodi
523 1405 564 1473 et,
602 1401 629 1464 si
661 1403 693 1464 te
725 1401 875 1465 fefellerit
912 1402 1058 1465 seruulus
1092 1437 1135 1446 -
1171 1401 1337 1464 humanam

193 1509 276 1572 enirn
301 1527 360 1572 non
385 1507 504 1590 excipio
528 1509 713 1572 facultatem
737 1545 780 1554 -
804 1508 987 1592 prophetico
1013 1507 1226 1590 deprehensus
1249 1526 1339 1590 repu-

150 1639 175 1676 ro
195 1615 299 1680 dietnr
331 1615 484 1696 exemplo.
528 1615 591 1678 cito
629 1617 753 1698 turpem
791 1616 935 1697 sequitur
972 1615 1058 1698 lepra
1093 1615 1270 1678 mercedem
1309 1617 1341 1676 et

194 1723 326 1804 pecunia
349 1741 463 1803 corpus
488 1723 690 1804 animumque
713 1723 796 1786 male
821 1723 963 1803 quaesita.
993 1723 1200 1787 conmaculat.
1233 1741 1338 1785 acce·
1363 1728 1384 1781 l}

194 1829 297 1912 pisti
321 1828 425 1910 inquit
448 1829 660 1909 pecuniam
686 1832 723 1892 ot
746 1829 984 1911 possidebis
1010 1847 1052 1892 en
1077 1847 1120 1892 ea
1143 1847 1281 1912 agrum
1301 1832 1340 1892 et

193 1937 350 2000 uineam
377 1938 415 1998 st
434 1935 591 1999 olirreta
615 1939 652 1999 et
678 1954 833 2020 greges.
858 1939 894 2000 et
918 1936 1032 2018 lepra
1050 1935 1196 2000 Neman
1217 1935 1339 2018 adpli-

195 2042 308 2106 cabit
332 2061 371 2106 se
402 2042 439 2104 in
469 2045 507 2106 te
541 2047 579 2105 et
608 2043 753 2106 semini
786 2048 853 2106 tuo
887 2061 1014 2124 usque
1047 2043 1084 2106 in
1119 2045 1337 2106 aeternum.

152 2169 176 2208 a
195 2149 286 2214 uides
317 2149 392 2230 quia
418 2148 501 2212 facto
530 2149 668 2212 auctoris
697 2149 859 2213 successio
889 2149 1055 2212 damnatur
1084 2148 1222 2222 beredis;
1256 2149 1339 2212 inen-

194 2255 322 2339 piabilis
348 2259 397 2319 est
420 2255 502 2319 enim
532 2255 653 2320 uenditi
682 2257 776 2338 culpa
805 2256 948 2338 mysterii
981 2261 1013 2320 et
1045 2256 1166 2340 gratiae
1198 2255 1340 2318 uindicta

195 2363 342 2427 caelestis
375 2363 490 2426 transit
522 2362 560 2426 ad
593 2367 748 2444 posteros.
787 2362 920 2446 denique
943 2361 1147 2428 Moabitae
1180 2365 1212 2426 et
1244 2361 1339 2426 ceteri

195 2489 268 2534 non
320 2470 536 2534 intrabunt
582 2489 711 2552 nsque
760 2469 804 2533 ad
855 2469 1019 2535 tertiam
1068 2473 1105 2534 et
1156 2471 1338 2550 quartam

195 2577 510 2660 generationem,
552 2581 617 2640 tam
656 2577 710 2640 diu
747 2577 912 2655 uidelicet,
951 2581 988 2642 ut
1028 2576 1206 2658 simplicius
1242 2576 1338 2640 inter·

148 2705 175 2743 eo
193 2688 367 2766 metemur,
421 2684 518 2748 donec
560 2685 686 2766 culpam
729 2687 894 2749 auctorum
940 2685 1129 2766 multiplicis
1176 2683 1383 2749 successior

102 2795 146 2859 54
195 2791 405 2875 generationis
440 2791 590 2855 aboleret.
625 2791 680 2855 sed
713 2810 785 2854 cum
819 2791 866 2854 illi
899 2792 954 2874 qui
987 2792 1018 2856 in
1053 2791 1146 2856 deum
1173 2790 1338 2855 idolatriae

194 2917 297 2962 errore
326 2898 527 2980 deliquerunt
555 2897 586 2960 in
623 2901 766 2979 quartam
799 2898 1033 2984 generationem
1071 2898 1237 2962 uideantur
1269 2916 1338 2961 esse

194 3003 331 3079 multati,
369 3003 511 3086 prolecto
545 3003 651 3068 donor
683 3003 812 3068 uidetur
845 3023 914 3068 esse
946 3005 1113 3080 sententia,
1151 3023 1212 3086 qua
1249 3001 1339 3068 Giszi

194 3129 301 3174 semen
336 3129 437 3193 usque
470 3111 500 3174 in
536 3113 697 3174 aeternnm
731 3129 785 3192 pro
823 3110 998 3194 cupiditate
1035 3111 1169 3175 habendi
1206 3111 1337 3192 prophe·

283 3442 296 3496 l
317 3441 329 3496 l
347 3441 415 3495 Tim.
436 3443 460 3507 5,
480 3443 514 3495 ⁴22
615 3443 630 3496 3
650 3441 663 3494 l
682 3441 750 3494 Tim.
770 3443 795 3508 3,
814 3441 884 3496 2-5
986 3443 1016 3498 11
1038 3442 1104 3513 Reg.
1125 3442 1180 3496 llll
1200 3444 1224 3508 5,
1244 3443 1277 3496 26
1297 3459 1336 3512 sq.

195 3531 226 3584 17
247 3531 327 3584 Dent.
348 3532 390 3592 23.
410 3533 427 3584 3

227 3739 358 3794 idemus
378 3741 427 3793 αΧ
480 3741 547 3794 bene
566 3755 616 3795 orn.
637 3741 667 3792 X
720 3742 883 3795 lecclesiae
903 3741 947 3794 dei
962 3741 1026 3804 LX,
1047 3747 1115 3795 recle
1128 3747 1199 3810 pulo
1253 3742 1337 3796 habe·

192 3828 350 3898 bittboll.
369 3830 486 3896 iares.)
505 3829 533 3882 P
602 3829 733 3883 familiam
752 3830 869 3884 tnamU
918 3832 950 3884 13
971 3831 1050 3883 uinea
1069 3829 1289 3898 Fuineas(es.
1309 3847 1336 3884 a.

193 3922 248 3983 rrr2)
273 3917 408 3972 Vnineta
429 3919 452 3972 O
533 3935 630 3972 neman
648 3920 676 3972 B
694 3921 753 3988 (qai
772 3919 836 3973 add.
857 3921 920 3990 syri)
939 3938 956 3970 rr
974 3935 1087 3973 neeman
1107 3919 1163 3973 PE
1178 3937 1292 3990 neeman
1316 3920 1339 3974 O

191 4021 306 4061 neaman
324 4007 369 4076 qT
386 4023 501 4060 naaman
526 4007 551 4059 V
567 4011 611 4074 (aa
630 4023 663 4060 erc
682 4016 706 4074 e)
726 4013 773 4061 ccl.
847 4007 990 4062 adherebit
1008 4007 1059 4062 tibi
1080 4013 1107 4062 et
1125 4027 1143 4080 χ
1211 4009 1243 4061 14
1262 4013 1289 4062 et
1308 4008 1334 4062 in

192 4097 231 4152 lin
250 4113 319 4150 eros.
343 4095 376 4164 O)
395 4095 491 4150 semini
510 4100 548 4164 (·e
568 4097 695 4164 or2rrV)
714 4099 745 4150 X
815 4114 900 4167 usque
919 4097 1014 4152 onnG
1065 4099 1097 4152 18
1115 4095 1336 4167 poetintrabunt

193 4185 258 4238 odd.
279 4185 420 4239 ecclesiam
441 4205 467 4250 a,
491 4187 518 4238 in
544 4187 684 4240 ecclesiam
708 4187 748 4242 ed.
772 4187 860 4255 Rom,
879 4188 907 4240 in
927 4187 1066 4241 ecclesiam
1091 4187 1134 4241 dei
1152 4187 1286 4241 alaeam·
1304 4203 1337 4240 erc

196 4273 351 4340 Gratiam
370 4275 405 4342 cs.
420 4291 450 4343 p.
470 4279 535 4342 120,
554 4279 594 4329 22
652 4277 685 4328 21
706 4275 834 4330 idolatria
853 4277 879 4330 P
896 4281 922 4344 (o
941 4293 963 4330 s,
983 4293 998 4330 a
1017 4277 1067 4332 all.
1085 4279 1142 4342 or2)
1161 4276 1188 4330 L
1260 4275 1335 4329 dere·

192 4363 330 4432 liquerunt
346 4381 361 4432 q
382 4363 576 4435 dea-liquerint
594 4366 624 4420 E
640 4365 805 4436 deliquerint
824 4368 854 4419 X
872 4367 1054 4436 delinquerint
1073 4367 1119 4422 αθ
