3044 4930
294 485 435 556 Expositio
455 486 589 555 euangelii
608 487 697 540 Lucae
716 487 744 541 11
764 487 868 542 10-12
887 488 967 556 (1285
987 487 1117 543 Α-1286
1136 487 1178 556 Α).
1265 491 1306 553 47

160 687 243 762 stus,
268 701 306 745 ne
330 685 532 764 praeceptum
555 681 739 761 declinares,
760 682 965 748 manducauit
984 684 1306 767 compeccatoribus,

160 793 197 853 nt
224 789 360 872 gratiam
389 807 539 867 cerneres,
568 807 756 873 agnosceres
784 792 986 872 potestatem.
1015 809 1150 874 magnus
1178 795 1309 874 ergoet

158 894 327 973 Iohannes,
352 895 408 959 sed
430 894 526 959 huius
549 894 735 978 magnitudo
754 895 850 960 habet
868 897 1069 980 principium,
1089 897 1185 962 habet
1202 897 1306 976 linem,

159 1001 309 1067 domiuus
338 1005 444 1066 autem
468 1001 666 1066 Iesus'idem
691 1005 741 1067 θεῖ
767 1002 867 1066 linis
897 1007 1017 1085 atque
1045 1003 1305 1087 principium,

126 1108 245 1173 sidem
280 1108 434 1190 primus
469 1112 508 1174 et
541 1109 802 1174 nouissimus.
830 1109 910 1173 nihil
944 1113 1014 1173 ante
1047 1111 1195 1194 primum,
1227 1111 1308 1175 nihil

81 1203 115 1265 12
158 1217 245 1280 ultra
267 1215 488 1280 nouissimum.
512 1235 614 1298 neque
638 1220 669 1280 te
693 1217 905 1300 generationis
929 1217 1085 1282 humanae
1109 1218 1305 1282 consuetudo

157 1323 190 1386 in
219 1321 336 1385 uitium
360 1322 475 1400 trahat,
499 1326 537 1384 ut
559 1326 653 1405 putes
677 1341 737 1388 non
766 1324 904 1407 primum
929 1343 1009 1402 esse,
1039 1326 1113 1407 quia
1134 1323 1221 1388 filins
1246 1327 1347 1390 θεῖΕ

159 1447 292 1511 sequere
317 1428 500 1510 scripturas,
524 1431 561 1491 ut
584 1447 685 1493 errare
708 1449 770 1493 non
790 1430 906 1512 possis.
931 1430 1053 1514 primus
1073 1429 1157 1494 lilius
1178 1430 1306 1495 dicitur.

158 1535 279 1599 lectum
313 1539 362 1599 est
395 1535 490 1600 otiam
524 1536 598 1618 quia
627 1539 660 1600 et
687 1537 775 1601 solus
799 1541 900 1618 pater,
935 1537 1002 1619 qui
1036 1537 1151 1602 solus
1184 1537 1307 1602 habet

117 1641 507 1708 roinmortalitatem
541 1644 580 1705 et
607 1643 738 1706 lucem
771 1642 934 1707 habitat
956 1642 1305 1718 inaccessibilem,

160 1749 246 1813 sicut
277 1747 405 1832 legisti:
439 1751 478 1812 θῖ
509 1749 722 1812 inmortali
755 1749 834 1813 soli
864 1749 946 1828 deo,
981 1749 1037 1813 sed
1060 1768 1161 1831 neque
1184 1750 1305 1832 primus

160 1857 232 1919 ante
256 1859 377 1937 patrem
401 1873 502 1937 neque
526 1855 614 1919 solus
639 1855 707 1918 sine
731 1855 808 1919 filio.
833 1856 861 1920 si
880 1857 1015 1921 alterum
1035 1875 1143 1941 negas,
1168 1857 1304 1920 alterum

160 1961 318 2026 adstruis:
342 1965 516 2044 utrumque
539 1979 670 2044 sequere
694 1965 726 2025 θῖ
743 1965 915 2044 utmmque
934 1962 1111 2028 confirmas.
1132 1981 1192 2027 non
1213 1961 1304 2026 dixit:

161 2073 231 2152 ‘ego
260 2068 345 2150 prior
368 2072 399 2132 et
422 2087 480 2152 ego
504 2069 681 2152 posterior',
711 2067 782 2132 sed:
813 2087 884 2152 ego
908 2069 1062 2150 primus
1088 2071 1127 2133 et
1149 2088 1220 2152 ego
1245 2087 1305 2132 no·

120 2199 143 2240 re
161 2172 370 2238 uissimus.
394 2175 516 2255 primus
541 2177 591 2237 θεῖ
614 2173 699 2238 lilius
724 2178 757 2238 et
778 2174 850 2238 ideo
875 2179 1077 2252 mactemus:
1101 2175 1198 2239 habet
1220 2174 1346 2241 enimF

161 2283 294 2364 patrem,
318 2299 390 2344 etam
415 2299 477 2363 quo
498 2280 540 2344 sit
559 2285 715 2348 astemus.
737 2281 838 2346 audeo
859 2281 979 2346 dicere:
1000 2283 1131 2365 ‘primus
1152 2285 1202 2346 est
1219 2281 1305 2346 lilius

162 2387 218 2452 sed
237 2387 326 2474 solus
345 2405 405 2452 non
429 2388 498 2464 θεῖ’,
523 2389 554 2451 et
575 2388 655 2451 bene
675 2387 744 2451 dico
764 2391 796 2452 et
814 2388 962 2472 religiose
982 2389 1064 2454 dico.
1089 2387 1165 2470 quid
1184 2387 1306 2471 erigitis

161 2495 201 2559 ad
222 2494 419 2577 inpietatem,
444 2493 605 2570 haeretiei,
629 2497 744 2558 aures?
771 2496 902 2577 laqueos
932 2513 1011 2578 quos
1038 2494 1171 2559 tenditis
1194 2493 1306 2558 incidi-

161 2602 231 2666 stis.
259 2601 382 2684 primus
410 2603 460 2665 est
486 2599 572 2665 filins
601 2605 634 2665 et
661 2601 749 2666 solus
778 2621 838 2667 nou
868 2605 933 2666 est:
961 2601 1094 2685 primus,
1128 2601 1202 2684 quia
1233 2619 1306 2665 oum

118 2714 249 2792 :epatre
278 2727 412 2790 semper,
445 2709 534 2772 solus
562 2725 623 2772 non
652 2712 710 2785 eet,
740 2709 815 2790 quia
843 2708 910 2772 sine
938 2711 1026 2791 patre
1050 2725 1222 2792 numquam
1247 2711 1305 2771 est.

8 2831 10 2884 l
161 2835 223 2880 non
256 2833 316 2899 ego
349 2815 409 2878 hoe
442 2814 523 2890 dico,
557 2814 613 2878 sed
644 2815 712 2898 ipse
747 2815 841 2880 dixit:
876 2820 915 2880 et
952 2835 1022 2880 non
1060 2834 1143 2880 sum
1182 2813 1306 2888 solus,

161 2922 256 3006 quia
278 2924 396 3005 pater
414 2939 564 2985 mecum
584 2925 654 2988 θεῖ,
680 2921 768 2986 solus
787 2925 887 3005 pater,
909 2923 981 3004 quia
1001 2943 1083 2988 unus
1104 2922 1193 3001 deus,
1218 2923 1305 2988 solus

160 3032 260 3112 pater,
289 3027 363 3110 quia
387 3029 455 3092 sola
484 3027 632 3092 diuinitas
654 3029 754 3110 patris
780 3031 812 3093 et
838 3027 896 3092 filii
922 3032 953 3093 et
977 3029 1109 3112 spiritus
1134 3029 1246 3108 saneti,
1276 3033 1307 3093 et
1327 3033 1396 3088 1286
1417 3031 1440 3085 Α

162 3135 246 3219 quod
269 3154 368 3199 unum
394 3137 443 3198 est
463 3135 568 3198 solum
588 3139 647 3199 est.
667 3135 756 3200 solus
775 3139 874 3220 pater,
895 3135 983 3200 solus
1002 3135 1197 3219 unigenitus,
1218 3136 1306 3200 solus

118 3263 144 3305 :a
162 3248 194 3307 et
226 3242 358 3324 spiritus
388 3245 534 3317 sauctus;
568 3261 668 3325 neque
698 3243 779 3306 enim
809 3243 864 3325 qui
890 3241 977 3307 filius
1002 3245 1034 3306 θῖ
1061 3245 1151 3324 pater
1173 3245 1229 3305 aut
1253 3241 1307 3324 qui

160 3353 251 3434 pater
278 3353 310 3413 et
337 3348 423 3413 filius
455 3353 510 3413 aut
533 3349 587 3432 qui
611 3349 742 3432 spiritus
767 3351 896 3413 sanctus
921 3351 953 3414 et
975 3348 1072 3414 filius.
1102 3349 1184 3412 alius
1208 3353 1306 3432 pater,

160 3457 243 3521 alius
272 3455 369 3532 filius,
404 3455 485 3520 alius
515 3455 646 3538 spiritus
675 3459 819 3531 sanetus:
852 3455 990 3539 legimus
1024 3455 1123 3520 enim:
1157 3456 1306 3538 rogabo

160 3567 326 3647 patrem,
365 3565 403 3626 et
440 3563 564 3626 aliurn
602 3563 848 3646 paraclitum
887 3562 1002 3626 dabit
1042 3563 1171 3628 nobis.
1218 3561 1307 3626 solus

251 3806 700 3876 4Apoc.1,17(a,8);22,13
764 3805 945 3869 areima,
966 3807 999 3862 16
1057 3805 1306 3874 llITim.1,l'l

163 3898 195 3950 14
210 3895 295 3966 Apcc.
312 3893 504 3962 1,17:22,13
559 3895 591 3947 21
608 3893 667 3947 Iob.
684 3893 724 3954 16,
741 3894 775 3947 32
825 3893 932 3948 271011.
950 3893 991 3957 14,
1006 3894 1039 3948 16

197 4038 358 4091 2eerneres
379 4037 402 4095 (a
421 4031 495 4102 eat)
515 4035 542 4088 P
609 4036 640 4089 11
662 4035 719 4088 eolo
740 4036 770 4088 Χ
787 4035 848 4103 (soli
867 4039 915 4088 m2
932 4034 996 4100 FO)
1068 4035 1100 4088 13
1120 4033 1243 4087 adstrues
1263 4033 1312 4086 nV

162 4127 324 4198 destrucsg
381 4125 413 4178 19
432 4141 486 4178 non
506 4127 548 4178 est
567 4124 640 4178 solus
659 4125 690 4178 X
743 4125 777 4176 22
796 4141 865 4177 unus
885 4129 927 4178 est
944 4123 1004 4177 LX
1056 4125 1090 4177 24
1109 4123 1193 4188 solem
1212 4127 1308 4190 (nee

162 4219 218 4282 m2)
238 4215 265 4268 P
393 4215 446 4283 est]
469 4217 510 4267 est
530 4216 558 4266 θῖ
577 4215 607 4266 Χ
731 4215 764 4267 25
784 4217 813 4266 et
828 4230 871 4282 pr.
892 4229 943 4267 om.
963 4213 994 4267 X
1118 4213 1152 4264 26
1173 4215 1200 4265 et
1218 4228 1263 4280 pr.
1282 4229 1308 4280 a,

162 4321 183 4360 e.
202 4321 230 4359 a.
248 4307 297 4358 m3
309 4304 342 4370 P,
362 4308 404 4356 est
422 4319 444 4356 e.
462 4320 491 4356 a.
510 4306 558 4356 m2
576 4321 601 4367 a,
620 4319 671 4356 om.
691 4307 738 4356 cet.
789 4303 823 4357 26
843 4302 912 4356 alius
932 4305 1041 4374 patera(
1060 4307 1085 4355 et
1103 4305 1134 4368 (e.
1153 4317 1181 4354 a.
1200 4299 1258 4368 m2)
1277 4299 1308 4364 V,

164 4411 214 4449 om.
235 4399 283 4448 cet.
340 4393 374 4445 27
395 4397 422 4446 θῖ
441 4393 551 4463 spiritus
570 4391 638 4464 PsL
692 4393 727 4447 28
747 4393 833 4462 dabit]
854 4393 946 4446 mittet
964 4411 983 4463 χ
