3112 4936
314 457 455 528 Expositio
474 457 608 528 euangelii
626 458 716 512 Lucae
736 457 759 510 V
778 457 885 512 82-86
905 459 986 524 (1375
1005 459 1136 513 Α-1376
1155 459 1197 525 Α).
1272 463 1337 526 215

190 672 302 718 seruus
331 651 458 716 domino
487 651 644 717 curandus
672 652 811 729 offertur,
839 652 871 716 in
901 671 963 734 quo
994 652 1132 736 populus
1160 652 1335 728 nationum,

189 759 243 842 qui
275 760 449 824 mundanae
482 759 648 824 seruitutis
680 759 819 825 uinculis
852 759 1029 837 tenebatur,
1062 777 1154 843 aeger
1184 759 1335 824 letalibus

186 866 389 950 passionibus
412 866 564 932 beneficio
589 866 707 930 domini
731 865 890 931 sanandus
910 866 1104 948 exprimitur.
1124 865 1209 949 quod
1228 869 1334 931 antem
1354 877 1379 931 D

186 973 375 1037 moriturum
395 971 481 1052 dixit,
501 973 532 1036 io
553 991 588 1036 eo
609 973 808 1056 euangelista
827 991 887 1037 non
906 973 1039 1046 fefellit;
1058 973 1231 1037 moriturus
1251 971 1334 1036 enirn

157 1084 263 1155 serat,
283 1079 344 1144 nisi
363 1079 479 1143 fuisset
498 1081 626 1144 senatus
646 1100 664 1143 a
684 1078 820 1144 Christo.
844 1079 992 1164 impleuit
1014 1079 1112 1163 igitur
1131 1081 1334 1162 praeceptum

186 1186 316 1250 ca1itate
332 1185 472 1260 caelesti,
490 1185 542 1268 qui
559 1185 613 1250 sic'
625 1185 733 1250 dilexit
751 1185 906 1264 inimicos,
922 1189 959 1249 ut
973 1185 1066 1250 morti
1087 1186 1221 1268 eriperet
1239 1188 1334 1267 atque

69 1292 116 1352 84
186 1291 225 1356 ad
248 1295 418 1374 perpetuae
442 1311 531 1376 spem
551 1291 665 1356 salutis
684 1291 886 1359 adscisceret.
908 1299 1062 1374 quantum
1082 1295 1187 1356 autem
1208 1290 1335 1356 diuinae

73 1417 126 1472 r,o
185 1399 377 1464 humilitatis
400 1398 533 1482 insigne,
558 1401 594 1462 ut
618 1399 697 1463 caeli
721 1398 867 1462 dominus
891 1417 1090 1480 nequaquem
1110 1397 1335 1482 dedignaretur

186 1505 377 1570 centurionis
411 1506 575 1570 seruolum
608 1505 756 1569 uisitare!
791 1505 895 1569 elucet
922 1504 1000 1569 fides
1028 1504 1059 1568 in
1089 1503 1248 1588 operibus,
1277 1503 1334 1567 sed

139 1637 165 1677 ιο
184 1613 257 1696 plus
281 1615 429 1695 operatur
451 1611 632 1676 humanitas
659 1611 691 1675 in
720 1611 894 1676 affectibus.
923 1610 1007 1695 quod
1035 1611 1146 1693 utique
1174 1629 1234 1674 non
1262 1609 1373 1678 idaea

183 1717 328 1795 iaciebat,
358 1718 431 1800 qnia
456 1719 568 1783 absens
598 1737 705 1782 curare
733 1735 793 1782 non
817 1721 951 1800 poterat,
975 1716 1030 1782 sed
1053 1721 1091 1783 ut
1113 1718 1246 1781 formam
1270 1715 1330 1780 tibi

183 1824 271 1889 daret
293 1824 484 1888 humilitatis
508 1824 690 1900 imitandae,
715 1842 777 1905 qua
799 1824 886 1888 iuxta
904 1823 1127 1888 humilioribus
1147 1823 1275 1888 doceret
1293 1841 1329 1887 ac

183 1931 399 2015 superioribus
428 1931 641 1996 deserendum.
672 1930 805 2012 denique
834 1929 910 1994 abbi
941 1931 1052 2016 regulo
1085 1931 1178 1996 dicit:
1211 1929 1328 2006 uade;

180 2034 303 2102 lilius
335 2041 431 2102 tuns
469 2037 589 2112 uiuit,
627 2041 664 2101 ut
697 2037 780 2102 scias
814 2039 847 2100 et
877 2037 1054 2119 potentiam
1088 2036 1266 2100 diuinitatis
1299 2039 1332 2099 et

136 2169 163 2210 1⁵
181 2144 373 2208 humilitatis
398 2145 543 2228 gratiam.
568 2145 612 2209 ibi
636 2143 739 2210 noluit
761 2163 900 2228 pergere,
925 2163 963 2208 ne
987 2144 1018 2208 in
1037 2144 1138 2227 reguli
1158 2143 1223 2208 lilio
1242 2142 1330 2208 uide·

180 2253 267 2316 retur
288 2251 390 2334 magis
415 2251 538 2317 diuitiis
568 2251 732 2328 detulisse,
761 2251 812 2316 hio
841 2251 909 2334 ipse
931 2251 1076 2333 perrexit,
1104 2269 1142 2314 ne
1169 2249 1332 2314 uideretur

180 2357 211 2420 in
232 2357 425 2422 centurionis
444 2357 564 2423 famulo
585 2358 801 2422 condicionem
826 2357 1006 2441 despexisse
1030 2356 1195 2431 seruilem;
1220 2375 1329 2421 omnes

66 2463 108 2525 85
180 2462 274 2541 enim,
299 2483 413 2530 seruus
438 2466 470 2528 et
492 2463 582 2541 libor,
606 2465 638 2527 in
659 2463 786 2529 Christo
805 2483 904 2528 unum
924 2481 1046 2528 sumus.
1068 2462 1124 2527 sed
1142 2461 1216 2526 uide
1234 2461 1370 2530 roomo

178 2570 433 2653 praerogatiuam
463 2589 532 2635 esse
561 2570 744 2636 medicinae.
773 2571 901 2635 aduerte
931 2570 1026 2634 otiam
1053 2571 1085 2634 in
1113 2567 1328 2652 ipso-populo

133 2702 161 2742 eo
180 2674 289 2758 gentili
324 2675 550 2758 perspicaciam
583 2693 654 2739 esse
686 2675 839 2758 mysterii.
868 2675 1015 2740 dominus
1047 2676 1165 2759 pergit:
1200 2679 1330 2740 excusat

180 2780 322 2844 centurio
347 2779 540 2864 militarique
566 2781 710 2864 deposito
734 2784 859 2846 tumore
883 2781 1091 2847 reuerentiam
1116 2781 1216 2846 sumit
1240 2779 1328 2845 etad

178 2885 273 2950 fidem
302 2887 418 2952 facilis·
436 2891 468 2952 et
495 2887 533 2952 ad
562 2887 832 2953 honorificentiam
866 2893 1019 2972 promtus.
1053 2890 1086 2952 et
1116 2888 1194 2953 bene
1225 2888 1329 2951 Lucas

178 2991 274 3056 etiam
297 2992 329 3056 in
354 3010 521 3057 occursum
541 2993 660 3058 amicos
682 2993 761 3059 dicit
784 3013 854 3058 esse
873 3013 890 3057 a
910 2995 1092 3059 centurione
1111 2994 1327 3072 transmissos,

177 3115 216 3161 ne
248 3098 425 3180 praesentia
458 3117 516 3163 sua
545 3119 676 3183 graume
705 3099 823 3164 domini
850 3099 1074 3164 uerecundiam
1108 3099 1269 3164 uideretur
1296 3104 1328 3165 et

131 3235 158 3276 25
178 3202 318 3268 officium
343 3203 447 3268 officio
470 3224 672 3286 prouocasse.
696 3207 774 3270 baec
797 3207 965 3272 moraliter.

63 3315 106 3378 86
221 3311 353 3394 llystice
387 3315 494 3376 autem
529 3331 623 3394 quem
655 3313 843 3378 ludaeorum
876 3315 1013 3396 populus
1046 3313 1199 3378 crucifixit
1226 3314 1326 3378 inuio·

175 3417 277 3482 latum
301 3417 339 3481 ab
363 3417 479 3481 iniuria
501 3436 626 3482 manere
650 3418 809 3483 desiderat
830 3420 969 3502 populus
994 3419 1157 3485 notionum
1181 3424 1213 3484 et
1241 3419 1326 3502 quod
1346 3428 1416 3484 1376
1436 3427 1460 3484 Δ

175 3524 215 3587 ad
239 3523 332 3588 tidem
356 3524 495 3606 pertinet
518 3525 656 3589 sermoni
679 3525 824 3599 credidit,
850 3525 910 3591 boc
934 3529 1067 3591 estnon
1092 3526 1239 3602 hominia,
1269 3527 1325 3590 sed

176 3631 226 3694 dei
254 3633 412 3712 potestate
442 3631 598 3695 coniciens
632 3631 698 3695 dari
732 3651 749 3695 a
782 3631 908 3697 Christo
942 3632 1123 3698 bominibus
1148 3633 1325 3698 sanitatem.

266 3821 299 3875 13
318 3821 376 3874 Iob.
395 3823 420 3884 4,
441 3821 475 3876 50
532 3822 565 3876 18
585 3819 673 3876 Galat.
694 3823 719 3890 3,
738 3822 785 3886 283
807 3822 840 3878 cl.
861 3821 964 3877 Coloss.
985 3825 1009 3891 3,
1030 3825 1060 3876 ll

210 3929 226 3982 4
247 3926 346 3981 fefellit
363 3928 460 3996 (depr.
480 3945 500 3984 e.
516 3935 555 3995 u.)
570 3928 598 3981 P
643 3929 657 3981 7
678 3932 719 3981 est
738 3933 769 3996 (a.
784 3945 812 3982 u.
831 3933 888 3996 m3)
908 3929 1017 3983 diuinae
1032 3931 1059 3983 P
1105 3931 1136 3983 12
1157 3947 1210 4000 que
1225 3929 1323 3983 oOET

174 4033 254 4087 quarn
276 4016 316 4085 Gr
336 4023 361 4070 ct
380 4022 424 4082 (cx
443 4017 517 4088 quie)
536 4017 586 4070 πῖ]
604 4017 668 4087 quin
686 4024 733 4071 cct.
835 4019 907 4072 iusta
925 4019 977 4071 PL
1077 4018 1187 4073 duceret
1206 4017 1322 4089 αΒΟΤχ

172 4110 231 4174 (rn2
249 4105 359 4159 doceret
378 4105 432 4178 as)
505 4109 579 4170 ecte
599 4109 729 4176 explqs
750 4107 807 4161 GV
863 4109 894 4162 13
915 4107 1088 4162 deferendam
1106 4108 1163 4162 GV
1212 4109 1243 4161 16
1258 4125 1320 4178 por·

171 4195 243 4248 rexit
261 4197 332 4262 (per-
351 4197 407 4260 md)
427 4193 454 4246 P
523 4195 554 4246 17
574 4194 661 4246 omnis
681 4195 772 4266 αΟΧχ
790 4199 843 4263 (os
862 4199 909 4250 m2
930 4195 966 4261 G)
1022 4197 1056 4249 23
1075 4197 1216 4249 trainissos
1235 4196 1262 4250 P
1278 4201 1321 4250 ml

172 4281 456 4336 transmissost3
520 4283 553 4336 26
574 4282 680 4336 mistice
699 4283 727 4335 P
787 4284 821 4337 28
840 4284 892 4339 boc
912 4302 963 4338 non
984 4293 1025 4337 est
1047 4284 1074 4338 P
1139 4285 1174 4339 29
1193 4284 1220 4338 iu
1241 4289 1272 4350 (a.
1291 4303 1319 4336 o.

173 4373 232 4438 m3)
251 4369 294 4424 dei
313 4371 341 4423 P
411 4369 579 4438 potentiaL
