3042 4918
249 360 324 424 XVI
713 357 932 411 Praefatio.

249 554 346 618 latine
366 554 467 618 uersis
482 552 655 634 praemisit,
672 553 821 636 colligere
841 571 934 636 posse
954 552 1015 618 sibi
1035 552 1097 616 uisi
1117 552 1245 635 sunam)
1265 557 1297 618 et
1311 557 1397 618 recte

250 660 391 742 quidem3
426 678 617 741 quamquam
652 660 679 724 si
712 659 809 724 uerba
840 659 955 742 quibus
987 659 1019 722 in
1053 659 1244 742 praefatione
1276 661 1397 724 illaad

249 767 380 830 Paulam
406 771 437 830 et
456 766 664 830 Eustochium
691 765 790 830 misse
814 767 914 829 utitur
933 766 1057 850 legeris,
1077 767 1178 848 primo
1198 767 1313 831 obtutu
1334 785 1396 830 non

248 873 353 956 ipsum
374 873 412 938 de
436 873 596 938 Ambrosii
621 891 712 955 opere
737 873 926 937 sententiam
949 874 1028 938 ferre
1053 873 1108 938 sed
1132 875 1301 938 mulierum
1320 873 1396 936 ista-

249 1001 319 1044 rum
347 980 502 1044 iudicium
530 979 643 1042 referre
666 979 802 1061 putabis.
826 980 902 1043 haec
936 980 1017 1044 euim
1052 980 1141 1044 dicit:
1170 981 1254 1044 Arate
1274 999 1397 1061 poeseos

249 1088 316 1150 dies
339 1086 535 1167 qemrnndom
557 1087 592 1148 in
617 1084 814 1149 Matthaeum
832 1093 861 1150 ct
878 1089 913 1149 in
928 1086 1049 1150 Lucam
1068 1089 1303 1151 commentarios
1326 1107 1397 1150 nos

250 1193 397 1274 tepisse
421 1191 602 1271 dixistio,
627 1213 643 1255 e
670 1192 782 1273 quibas
809 1193 889 1256 atter
917 1197 945 1256 et
973 1193 1114 1258 sensibus
1145 1192 1232 1257 trebes
1259 1198 1336 1257 esset
1369 1197 1397 1256 et

249 1300 362 1378 ambis,
399 1298 504 1361 atter
539 1301 581 1362 in
616 1299 753 1362 uerbis
790 1299 954 1376 luderet,
991 1301 1210 1364 sententiis
1251 1299 1398 1363 dormi-

250 1409 365 1468 taret.
390 1405 587 1486 pecanrobrem
603 1404 726 1484 petistis
748 1409 782 1468 nt
805 1409 983 1486 contemptis
1001 1405 1153 1470 eiersmodi
1170 1409 1263 1487 napis
1284 1405 1398 1470 saltem

250 1512 381 1592 tripinto
404 1514 431 1573 et
453 1531 565 1574 nonem
587 1509 778 1575 Adamantii
800 1515 898 1575 nostri
922 1513 956 1576 in
980 1511 1099 1576 Lnecm
1122 1512 1266 1576 homilias
1289 1514 1398 1576 sicat

251 1619 290 1680 in
327 1616 480 1680 Graeco
512 1616 719 1696 trahentur,
754 1618 987 1698 interpretarer.
1018 1619 1113 1683 simul
1141 1619 1231 1684 uides
1260 1618 1397 1684 feminas

249 1725 327 1789 istas
359 1723 393 1788 id
426 1724 558 1786 maxime
591 1723 623 1786 in
655 1723 813 1788 Ambrosii
847 1725 1040 1806 expositione
1068 1725 1281 1808 exprobrasse,
1312 1725 1397 1808 quod

251 1829 396 1914 Origenis
420 1829 525 1893 uerbis
551 1849 609 1893 sua
632 1829 685 1893 ille
710 1834 889 1895 commenta
915 1831 1132 1895 inmiscuisset
1163 1837 1257 1914 atque
1290 1832 1397 1916 graeci

251 1937 349 2020 patris
383 1936 555 2000 sententias
588 1939 750 2018 tamquam
778 1937 984 2020 interpolatas
1013 1943 1045 2001 et
1074 1938 1265 2002 adulteratas
1294 1938 1397 2002 reddi-

250 2044 360 2108 disset.
384 2063 463 2125 quae
487 2041 686 2125 reprehensio
712 2043 789 2107 adeo
810 2044 948 2108 concinit
968 2063 1037 2108 cum
1058 2044 1162 2109 uerbis
1182 2045 1258 2122 illis,
1278 2045 1397 2126 quibus

251 2151 281 2212 in
306 2169 355 2230 ep.
380 2148 570 2224 LXXXIIII,
593 2149 610 2212 7
630 2149 661 2212 in
681 2149 926 2214 Ilediolanensis
951 2150 1091 2233 episcopi
1113 2151 1285 2214 Erameron
1308 2152 1397 2215 inue-

250 2257 337 2320 hitur
364 2256 417 2338 (cf.
450 2255 514 2320 uol.
548 2256 563 2319 I
590 2256 686 2338 praef.
720 2275 749 2336 p.
781 2255 880 2336 XIII),
911 2259 945 2319 ut
978 2257 1203 2339 Hieronymum
1231 2257 1301 2322 Ioco
1331 2257 1396 2323 isto

248 2367 430 2446 personales
463 2362 535 2427 illas
568 2363 718 2426 mulieres
752 2381 807 2443 pro
841 2382 874 2426 se
908 2363 1074 2445 loquentes
1105 2363 1265 2428 induxisse
1298 2383 1396 2428 unus-

251 2469 384 2551 quisque
416 2467 509 2532 facile
541 2469 720 2551 perspiciat.
751 2464 868 2533 errabit
901 2473 1006 2533 autem
1033 2469 1166 2534 Rufinus
1195 2489 1230 2534 eo
1256 2471 1340 2552 quod
1364 2470 1396 2534 in

250 2576 441 2658 praefatione
469 2575 524 2637 illa
552 2573 638 2637 aliud
668 2573 825 2654 quoddam
855 2575 1052 2639 enuntiatum
1071 2576 1258 2655 praesertim
1281 2596 1352 2638 enm
1375 2599 1397 2640 a

249 2683 377 2745 sinistro
392 2683 526 2744 oscinem
539 2701 667 2742 eorunm
681 2679 811 2743 audiam
830 2685 1027 2744 crocitantem
1043 2685 1071 2745 et
1084 2683 1199 2745 nrirnm
1217 2685 1251 2746 in
1269 2683 1398 2746 niodum

251 2789 288 2853 de
319 2791 501 2852 cniecturam
537 2790 646 2851 airizam
683 2787 786 2851 ridere
818 2787 970 2852 coloribus
997 2809 1066 2852 cnm
1102 2795 1183 2853 totus
1218 2791 1285 2870 a'prse
1317 2797 1397 2855 terce-

251 2895 360 2959 brosns
390 2896 431 2957 sit
463 2894 502 2958 ad
533 2893 736 2958 Ambrosium
770 2899 912 2977 spectare
945 2895 1080 2976 putauit.
1113 2896 1210 2960 immo
1248 2897 1327 2961 haec
1365 2897 1396 2960 in

253 3002 468 3066 aduersarium
494 3000 660 3082 quendam,
681 3001 734 3082 qui
754 3001 937 3084 Hieronymi
961 3003 1088 3084 scriptis
1112 3003 1240 3068 irridere
1264 3007 1397 3068 conatus

253 3111 328 3185 erat,
353 3108 437 3170 dicta
465 3125 537 3171 esse
561 3108 631 3171 luce
656 3106 771 3170 clarius
797 3110 855 3173 est.
881 3107 1013 3172 eundem
1038 3128 1113 3173 uero
1137 3112 1247 3190 postea
1271 3128 1397 3191 quoque

254 3215 442 3279 sententiam
466 3213 504 3278 de
527 3213 688 3278 Ambrosii
716 3233 808 3296 opere
842 3233 901 3278 non
930 3215 1106 3280 mutauisse
1135 3236 1151 3279 e
1180 3217 1397 3280 commentarii

253 3323 284 3386 in
310 3322 507 3385 Mattlraeum
532 3321 551 3384 I.
576 3320 639 3384 IIII
663 3339 688 3382 s.
714 3323 755 3385 27
779 3321 846 3401 (26,
871 3324 935 3384 203
956 3321 1006 3384 ab
1026 3322 1082 3401 M.)
1106 3321 1316 3405 cognoscitur,
1341 3323 1397 3386 ubi

255 3431 332 3492 haee
366 3428 402 3492 de
431 3427 516 3491 Petri
549 3427 715 3510 negatione
744 3427 881 3509 exponit:
915 3427 986 3490 Scio
1013 3427 1166 3506 preosdam
1187 3429 1239 3508 pii
1267 3427 1399 3507 affectus
1476 3479 1479 3484 .

255 3556 328 3616 crya
351 3533 523 3615 (apiostolnm
543 3532 672 3596 Petrum
693 3533 790 3596 Iocum
808 3531 890 3596 leniae
908 3535 955 3596 ita
975 3535 1192 3614 interpretatos
1210 3538 1244 3596 nt
1262 3534 1399 3598 dicerent

255 3641 384 3706 Petrum
416 3661 479 3703 non
511 3641 670 3703 donrinnm
697 3660 824 3722 neposne
850 3639 905 3703 sed
931 3639 1084 3703 leonii-nem
1112 3643 1140 3703 et
1167 3659 1230 3703 esse
1257 3659 1399 3703 sarisam:

256 3749 369 3811 Nescio
396 3747 560 3824 borninem,
589 3748 664 3826 qnia
695 3748 758 3810 scia
790 3747 890 3810 derina.
919 3746 973 3810 boc
1005 3767 1098 3827 quma
1121 3747 1326 3830 friuolam
1357 3747 1399 3809 sit

255 3854 394 3936 praedans
429 3853 520 3916 lector
555 3853 710 3935 inteltepit.
747 3856 793 3916 sic
825 3853 993 3933 defendant
1030 3853 1212 3933 apostolum,
1243 3858 1274 3916 nt
1306 3853 1397 3916 (lenm

256 3960 413 4025 rnrrniaeii
440 3981 526 4024 renrn
553 3959 674 4039 saciant
702 3980 727 4023 e.
756 3981 784 4041 q.
813 3979 837 4025 s.
868 3961 917 4024 his
946 3965 1051 4024 autem
1082 3961 1264 4042 scriptorem
1295 3959 1333 4023 ad
1362 3978 1399 4023 ea

258 4088 336 4151 quae
366 4067 550 4132 Ambrosius
580 4067 618 4142 X,
649 4069 689 4130 78
718 4069 806 4148 (485,
837 4068 869 4147 9)
910 4087 976 4150 sqq.
1008 4067 1132 4148 exponit
1160 4065 1308 4130 adludere
1336 4067 1398 4129 iam

306 4259 335 4328 ¹⁰)
355 4259 395 4315 CI.
416 4261 473 4314 Ihm
495 4275 520 4328 p.
540 4260 586 4319 26;
608 4258 747 4311 Rauscbeu
767 4275 793 4327 p.
814 4259 866 4311 314
885 4257 945 4314 adn.
967 4260 989 4311 l.
