3112 4936
311 461 450 532 llxpositio
470 460 605 530 euangelii
623 460 712 514 Lucae
731 461 754 513 V
774 461 877 514 76-81
898 461 979 528 (1313
998 459 1128 514 u-raut
1146 459 1187 524 F).
1270 465 1335 526 213

185 657 410 722 diritctfecit.
431 658 600 739 quicum
621 655 948 733 malediceretur,
967 675 1040 720 non
1060 655 1335 733 remaledixit,

185 782 258 829 cum
295 767 522 846 percuteretur,
556 783 617 828 non
649 763 855 845 repercussit,
892 782 963 828 aum
1002 762 1234 844 dispoliaretur,
1273 781 1334 827 non

185 870 312 946 restitit,
338 889 410 934 cum
435 869 681 954 crucifigeretur,
706 869 785 952 ipsis
805 869 1060 953 persecutoribus
1081 868 1203 934 ueniam
1224 871 1334 950 postu-

183 978 266 1042 lauit
293 977 414 1042 dicens:
443 981 567 1060 pater,
593 976 756 1041 dimitte
785 976 876 1040 illis
907 980 1129 1060 peccatum,
1154 977 1249 1058 quia
1277 996 1336 1040 ne-

153 1109 166 1146 e
186 1085 324 1148 sciunt
343 1084 437 1166 quid
456 1083 627 1148 faciunt.
644 1084 860 1148 criminatores
880 1102 956 1148 suos
976 1083 1148 1148 excusabat
1161 1101 1179 1146 a
1194 1083 1334 1147 crimine.

70 1186 115 1250 78
184 1191 232 1254 1111
262 1209 387 1254 crucem
416 1190 577 1273 parabant,
609 1190 661 1254 hic
689 1191 883 1254 salutemet
911 1189 1045 1274 gratiam
1074 1189 1275 1272 rependebat.
1304 1192 1336 1253 et

57 1315 82 1368 a,
98 1315 126 1358 aa
185 1301 291 1360 tamen
315 1296 463 1378 quoniam
487 1295 594 1360 studia
615 1296 686 1379 ipsa
708 1296 866 1361 uirtutum
895 1296 963 1360 aine
992 1297 1243 1360 remuneratione
1270 1298 1333 1360 tor·
1353 1303 1378 1357 D

185 1405 329 1485 poscunt,
353 1405 386 1466 et
409 1402 586 1485 exemplum
610 1403 702 1467 nobis
726 1403 836 1467 attulit
859 1407 891 1466 et
914 1403 1090 1467 mercedem
1119 1401 1290 1486 spopondit
1318 1421 1334 1466 e

185 1512 273 1574 caelo
297 1509 379 1574 lilios
408 1509 458 1573 dei
486 1509 611 1574 futuros
638 1509 793 1592 pollicens
822 1509 875 1590 qui
903 1509 1021 1573 fuerint
1047 1509 1224 1574 imitatores
1253 1509 1333 1576 eiua.

143 1641 168 1680 0
185 1616 241 1698 qui
264 1616 347 1680 enim
371 1615 500 1680 festinat
523 1615 562 1678 ad
584 1615 759 1698 praemium
782 1614 925 1680 fastidire
948 1634 1009 1681 000
1031 1615 1126 1680 debet
1144 1616 1333 1697 exemplum,

185 1723 260 1804 quia
283 1727 398 1804 quanto
422 1722 664 1805 praecellentius
687 1722 863 1805 praemium
886 1725 973 1786 tanto
996 1722 1159 1804 inpensius
1184 1721 1333 1786 officium.

185 1833 303 1911 quanta
325 1832 431 1893 autem
455 1828 691 1893 misericordiae
714 1847 846 1904 merces,
871 1847 951 1911 quae
973 1829 1074 1893 inlus
1094 1828 1335 1912 (1101000οᾱ00-

185 1936 282 2000 tionis
311 1935 516 2000 adsciscitur!
547 1954 678 2017 sequere
706 1935 805 2018 igitur
831 1935 1091 2014 misericordiam,
1120 1939 1156 2000 ut
1184 1935 1332 2000 merearis

70 2040 115 2103 ab
185 2043 330 2128 gratiam.
354 2043 417 2106 late
441 2045 530 2125 patet
552 2042 732 2128 benignitas
756 2042 821 2116 dci;
848 2062 942 2126 super
964 2042 1105 2125 ingratos
1121 2041 1213 2124 pluit,
1238 2041 1377 2108 melisa}

56 2170 81 2214 e.
97 2169 124 2212 aa
142 2175 166 2214 re
184 2149 319 2214 fecunda
343 2168 403 2213 non
427 2151 524 2232 negat
545 2151 629 2214 terra
650 2153 835 2231 prouentus,
858 2149 942 2213 idem
964 2149 1074 2212 mundi
1093 2148 1141 2213 sol
1160 2148 1332 2232 sacrilegos

183 2256 413 2338 religiososque
436 2255 555 2338 pariter
575 2255 755 2320 inluminat.
779 2259 835 2320 aut
857 2259 894 2320 ut
912 2255 1047 2338 mystice
1065 2256 1129 2319 ista
1147 2254 1331 2337 pendamus,

183 2361 378 2444 propheticis
403 2361 556 2444 populum
584 2361 772 2426 Iudaeorum
801 2361 946 2426 dominus
975 2361 1095 2443 pluuiis
1123 2361 1274 2445 inrigauit
1301 2365 1333 2424 et

184 2467 261 2534 solis
291 2469 408 2534 aeterni
436 2467 562 2534 refulsit
588 2468 685 2533 radiis
714 2469 811 2533 etiam
839 2488 899 2532 000
928 2469 1133 2544 merentibus,
1168 2469 1223 2534 sed
1257 2488 1332 2551 quo·

183 2577 268 2640 niam
295 2574 345 2639 illi
372 2575 530 2640 mundano
558 2594 627 2640 rore
655 2574 853 2650 maduerunt,
885 2575 1020 2639 ecclesia
1048 2575 1098 2638 dei
1128 2575 1167 2638 ad
1195 2577 1331 2640 caeleate

139 2709 165 2750 ro
183 2683 290 2746 lumen
317 2681 515 2757 adsciscitur,
539 2681 584 2746 ita
606 2685 712 2746 tamen
736 2686 771 2746 ut
793 2682 858 2746 illis
888 2701 1012 2765 quoque
1035 2682 1278 2760 misericordiae,
1304 2683 1331 2746 si

68 2788 114 2851 80
184 2788 321 2866 eradant,
345 2789 566 2872 praerogatiua
584 2791 738 2852 seruetur.
758 2787 880 2852 addidit
898 2808 960 2852 non
980 2793 1096 2853 temere
1114 2789 1329 2868 iudicandum,

54 2917 81 2970 a,
97 2916 124 2958 aa
184 2915 222 2958 ne
237 2915 319 2960 cum
343 2895 387 2958 sis
411 2894 460 2958 tui
484 2894 630 2960 conscius
654 2895 723 2976 ipse
747 2894 865 2973 delicti,
889 2895 921 2959 in
945 2895 1080 2959 alterum
1104 2897 1228 2980 cogaris
1250 2895 1376 2961 ferret*

184 3001 382 3066 sententiam.

68 3117 111 3180 81
227 3107 344 3191 Magna
368 3107 462 3171 etiarn
482 3106 650 3190 disciplina
668 3107 810 3186 uirtutis,
830 3112 866 3173 ut
885 3108 923 3172 de
942 3109 1148 3173 infructuosis
1167 3109 1332 3174 fructuosa
1410 3143 1413 3156 ·

54 3247 80 3294 a,
96 3243 122 3286 0
137 3243 164 3284 se
182 3233 243 3278 000
267 3233 400 3295 quaeras
424 3233 479 3278 nee
505 3213 542 3278 de
566 3214 696 3278 incultis
721 3218 909 3296 prouentum
933 3215 1138 3278 fecunditatis
1159 3218 1329 3297 exspectes.

182 3321 354 3403 runicuique
378 3321 460 3384 enim
485 3339 542 3385 sua
564 3321 689 3386 cultura
708 3321 761 3385 dat
779 3322 916 3386 fruetus:
938 3323 968 3385 in
989 3321 1087 3403 spinis
1106 3322 1201 3386 istius
1221 3322 1330 3385 mundi

275 3527 413 3582 lIPetr.
432 3527 457 3597 2,
477 3528 511 3582 23
593 3529 694 3582 21100.
714 3529 757 3596 23,
776 3529 811 3583 34
891 3529 992 3584 lLuc.
1013 3530 1056 3597 23,
1076 3529 1110 3584 34
1194 3530 1226 3584 14
1246 3533 1274 3584 et
1295 3530 1327 3584 lb

183 3617 282 3673 blattb.
302 3618 327 3686 5,
346 3619 381 3672 45
436 3618 468 3670 21
490 3616 523 3671 cf.
544 3617 620 3670 Rom.
639 3619 665 3686 2,
687 3618 699 3670 l

220 3742 236 3794 2
256 3759 309 3796 000
328 3742 491 3812 repercussit
510 3758 569 3796 cunr
590 3741 782 3812 dispoliaretur
800 3759 850 3796 om.
874 3742 899 3796 G
988 3743 1327 3813 000001101010021(οῙονΙ

182 3834 215 3886 in
233 3849 298 3900 roe,
317 3850 345 3886 rc
366 3833 418 3887 del.
436 3835 494 3900 m2)
512 3832 559 3900 γΤ
646 3833 663 3886 3
681 3833 786 3886 resistit
805 3833 870 3903 αΧχ
888 3839 913 3887 et
931 3834 1044 3901 (restitit
1063 3838 1144 3898 coru.)
1163 3833 1190 3885 B
1278 3837 1293 3887 5
1314 3851 1329 3886 a

184 3922 295 3976 crimine
314 3922 460 3976 excusabat
481 3921 505 3976 0
556 3921 573 3975 8
592 3921 758 3990 sponpondit
776 3923 804 3989 (n
818 3938 864 3990 pr.
884 3924 964 3989 erue)
983 3921 1011 3974 P
1071 3923 1102 3976 ll
1123 3921 1330 3990 praecellentior

181 4014 239 4079 (us
258 4015 337 4077 cora)
356 4011 383 4063 P
446 4011 479 4063 12
499 4013 600 4079 quanto
620 4010 648 4063 P
718 4026 819 4064 rnerces
838 4009 1036 4064 misericordiae
1056 4010 1108 4063 PL
1173 4013 1206 4064 15
1225 4011 1283 4064 sola
1302 4019 1330 4072 (a

182 4105 266 4163 crae.)
286 4099 432 4168 sacrilegos
451 4102 492 4165 (os
512 4115 545 4152 esc
563 4101 605 4164 us)
624 4099 651 4151 P
706 4099 738 4152 16
758 4103 789 4151 ut
807 4115 858 4152 om.
877 4097 938 4166 PL,
956 4114 978 4154 a.
996 4099 1065 4152 seO
1136 4099 1285 4170 pandamus
1300 4101 1332 4152 X

183 4189 217 4242 21
237 4193 339 4242 temere
358 4186 532 4241 iudicandum
550 4188 581 4240 iu
600 4203 656 4240 rac.
675 4187 702 4240 P
755 4189 790 4240 22
809 4187 973 4255 cogitauerit
992 4205 1010 4257 χ
1068 4189 1102 4242 25
1123 4205 1219 4259 qnpraa
1238 4193 1263 4260 (p
1283 4193 1329 4242 m3

182 4293 218 4352 ee:
236 4277 255 4344 1)
274 4277 301 4330 P
390 4277 425 4330 26
443 4275 560 4328 fructum
579 4276 611 4329 Χ
698 4277 726 4328 10
745 4277 814 4329 etius
833 4279 890 4342 (013
908 4275 998 4340 iatius;
1020 4291 1071 4330 001.
1091 4278 1186 4346 spinis)
1205 4277 1328 4330 Plotius

182 4371 245 4432 (om.
264 4366 293 4419 in
312 4365 408 4435 spinis)
427 4364 453 4417 L
