<?xml version="1.0" encoding="UTF-8"?>
<!DOCTYPE html PUBLIC "-//W3C//DTD XHTML 1.0 Transitional//EN"
    "http://www.w3.org/TR/xhtml1/DTD/xhtml1-transitional.dtd">
<html xmlns="http://www.w3.org/1999/xhtml" xml:lang="en" lang="en">
 <head>
  <title>
</title>
<meta http-equiv="Content-Type" content="text/html;charset=utf-8" />
  <meta name='ocr-system' content='tesseract 3.04.00' />
  <meta name='ocr-capabilities' content='ocr_page ocr_carea ocr_par ocr_line ocrx_word'/>
</head>
<body>
  <div class='ocr_page' id='page_1' title='image "./expositioevange00schegoog_0557.png"; bbox 0 0 3050 4936; ppageno 0'>
   <div class='ocr_carea' id='block_1_1' title="bbox 197 304 870 372">
    <p class='ocr_par' dir='ltr' id='par_1_1' title="bbox 197 304 870 372">
     <span class='ocr_line' id='line_1_1' title="bbox 197 304 870 372; baseline -0.025 0"><span class='ocrx_word' id='word_1_1' title='bbox 197 311 261 372; x_wconf 73' lang='lat'>504</span> <span class='ocrx_word' id='word_1_2' title='bbox 671 304 870 358; x_wconf 84' lang='lat' dir='ltr'><strong>Ambrosii</strong></span> 
     </span>
    </p>
   </div>
   <div class='ocr_carea' id='block_1_2' title="bbox 106 499 1438 2498">
    <p class='ocr_par' dir='ltr' id='par_1_2' title="bbox 196 499 1346 798">
     <span class='ocr_line' id='line_1_2' title="bbox 196 499 1345 584; baseline -0.001 -19"><span class='ocrx_word' id='word_1_3' title='bbox 196 503 298 565; x_wconf 89' lang='lat' dir='ltr'>lorum</span> <span class='ocrx_word' id='word_1_4' title='bbox 319 501 434 564; x_wconf 89' lang='lat' dir='ltr'>dinisio</span> <span class='ocrx_word' id='word_1_5' title='bbox 454 501 506 564; x_wconf 90' lang='lat' dir='ltr'>uel</span> <span class='ocrx_word' id='word_1_6' title='bbox 523 500 743 583; x_wconf 79' lang='lat' dir='ltr'>mysteriorum</span> <span class='ocrx_word' id='word_1_7' title='bbox 764 519 943 584; x_wconf 84' lang='lat' dir='ltr'>synagogae</span> <span class='ocrx_word' id='word_1_8' title='bbox 963 499 1136 583; x_wconf 77' lang='lat' dir='ltr'>profanatio</span> <span class='ocrx_word' id='word_1_9' title='bbox 1156 501 1345 565; x_wconf 81' lang='lat' dir='ltr'>declaratur.</span> 
     </span>
     <span class='ocr_line' id='line_1_3' title="bbox 198 605 1346 691; baseline 0.001 -20"><span class='ocrx_word' id='word_1_10' title='bbox 198 608 354 672; x_wconf 83' lang='lat' dir='ltr'><strong>scinditur</strong></span> <span class='ocrx_word' id='word_1_11' title='bbox 382 626 455 691; x_wconf 84' lang='lat' dir='ltr'>ergo</span> <span class='ocrx_word' id='word_1_12' title='bbox 485 607 593 670; x_wconf 90' lang='lat' dir='ltr'>uelum</span> <span class='ocrx_word' id='word_1_13' title='bbox 617 611 723 682; x_wconf 87' lang='lat' dir='ltr'>uetus,</span> <span class='ocrx_word' id='word_1_14' title='bbox 748 611 785 670; x_wconf 93' lang='lat' dir='ltr'>ut</span> <span class='ocrx_word' id='word_1_15' title='bbox 808 607 943 671; x_wconf 89' lang='lat' dir='ltr'>ecclesia</span> <span class='ocrx_word' id='word_1_16' title='bbox 967 625 1049 671; x_wconf 89' lang='lat' dir='ltr'>noua</span> <span class='ocrx_word' id='word_1_17' title='bbox 1070 605 1145 670; x_wconf 89' lang='lat' dir='ltr'>fidei</span> <span class='ocrx_word' id='word_1_18' title='bbox 1173 626 1248 672; x_wconf 88' lang='lat' dir='ltr'>suae</span> <span class='ocrx_word' id='word_1_19' title='bbox 1272 609 1346 672; x_wconf 84' lang='lat' dir='ltr'>uela</span> 
     </span>
     <span class='ocr_line' id='line_1_4' title="bbox 198 713 1346 798; baseline -0.001 -20"><span class='ocrx_word' id='word_1_20' title='bbox 198 713 381 796; x_wconf 89' lang='lat' dir='ltr'>suspendat.</span> <span class='ocrx_word' id='word_1_21' title='bbox 407 732 587 798; x_wconf 84' lang='lat' dir='ltr'>synagogae</span> <span class='ocrx_word' id='word_1_22' title='bbox 614 715 757 778; x_wconf 88' lang='lat' dir='ltr'>uelamen</span> <span class='ocrx_word' id='word_1_23' title='bbox 788 715 939 790; x_wconf 79' lang='lat' dir='ltr'>aufertur,</span> <span class='ocrx_word' id='word_1_24' title='bbox 968 720 1004 778; x_wconf 92' lang='lat' dir='ltr'>ut</span> <span class='ocrx_word' id='word_1_25' title='bbox 1031 714 1193 797; x_wconf 84' lang='lat' dir='ltr'>religionis</span> <span class='ocrx_word' id='word_1_26' title='bbox 1221 714 1346 778; x_wconf 89' lang='lat' dir='ltr'>interna</span> 
     </span>
    </p>

    <p class='ocr_par' dir='ltr' id='par_1_3' title="bbox 106 819 1438 1524">
     <span class='ocr_line' id='line_1_5' title="bbox 106 819 1342 903; baseline 0 -19"><span class='ocrx_word' id='word_1_27' title='bbox 106 843 140 897; x_wconf 77' lang='lat' dir='ltr'>aa</span> <span class='ocrx_word' id='word_1_28' title='bbox 157 847 182 889; x_wconf 79' lang='lat' dir='ltr'>u</span> <span class='ocrx_word' id='word_1_29' title='bbox 201 821 348 903; x_wconf 81' lang='lat' dir='ltr'>mysteria</span> <span class='ocrx_word' id='word_1_30' title='bbox 371 820 510 884; x_wconf 87' lang='lat' dir='ltr'>reuelato</span> <span class='ocrx_word' id='word_1_31' title='bbox 536 819 650 884; x_wconf 89' lang='lat' dir='ltr'>montis</span> <span class='ocrx_word' id='word_1_32' title='bbox 675 839 838 884; x_wconf 81' lang='lat' dir='ltr'>cernamus</span> <span class='ocrx_word' id='word_1_33' title='bbox 863 821 986 883; x_wconf 90' lang='lat' dir='ltr'>obtutu.</span> <span class='ocrx_word' id='word_1_34' title='bbox 1008 819 1142 902; x_wconf 89' lang='lat' dir='ltr'>denique</span> <span class='ocrx_word' id='word_1_35' title='bbox 1160 820 1222 884; x_wconf 84' lang='lat' dir='ltr'>ianr</span> <span class='ocrx_word' id='word_1_36' title='bbox 1243 820 1342 884; x_wconf 91' lang='lat' dir='ltr'>etiam</span> 
     </span>
     <span class='ocr_line' id='line_1_6' title="bbox 198 925 1393 1007; baseline -0.002 -16"><span class='ocrx_word' id='word_1_37' title='bbox 198 927 339 991; x_wconf 88' lang='lat' dir='ltr'>centurio</span> <span class='ocrx_word' id='word_1_38' title='bbox 374 925 424 990; x_wconf 90' lang='lat' dir='ltr'>dei</span> <span class='ocrx_word' id='word_1_39' title='bbox 456 925 558 990; x_wconf 89' lang='lat' dir='ltr'>filium</span> <span class='ocrx_word' id='word_1_40' title='bbox 593 944 686 1007; x_wconf 89' lang='lat' dir='ltr'>quem</span> <span class='ocrx_word' id='word_1_41' title='bbox 720 925 915 990; x_wconf 85' lang='lat' dir='ltr'>emcifirerat</span> <span class='ocrx_word' id='word_1_42' title='bbox 948 926 1124 991; x_wconf 90' lang='lat' dir='ltr'>confitetur.</span> <span class='ocrx_word' id='word_1_43' title='bbox 1162 945 1179 990; x_wconf 95' lang='lat' dir='ltr'>o</span> <span class='ocrx_word' id='word_1_44' title='bbox 1217 926 1346 991; x_wconf 87' lang='lat' dir='ltr'>duriora</span> <span class='ocrx_word' id='word_1_45' title='bbox 1379 951 1393 989; x_wconf 86' lang='lat'><strong>5</strong></span> 
     </span>
     <span class='ocr_line' id='line_1_7' title="bbox 199 1032 1347 1116; baseline 0 -20"><span class='ocrx_word' id='word_1_46' title='bbox 199 1034 281 1097; x_wconf 85' lang='lat' dir='ltr'>sexis</span> <span class='ocrx_word' id='word_1_47' title='bbox 309 1036 438 1116; x_wconf 89' lang='lat' dir='ltr'>pectora</span> <span class='ocrx_word' id='word_1_48' title='bbox 460 1033 665 1096; x_wconf 82' lang='lat' dir='ltr'>Iudaeorum!</span> <span class='ocrx_word' id='word_1_49' title='bbox 694 1032 857 1098; x_wconf 90' lang='lat' dir='ltr'>finduntur</span> <span class='ocrx_word' id='word_1_50' title='bbox 882 1037 1000 1114; x_wconf 89' lang='lat' dir='ltr'>petrae,</span> <span class='ocrx_word' id='word_1_51' title='bbox 1030 1033 1085 1098; x_wconf 91' lang='lat' dir='ltr'>sed</span> <span class='ocrx_word' id='word_1_52' title='bbox 1113 1034 1226 1098; x_wconf 89' lang='lat' dir='ltr'>horum</span> <span class='ocrx_word' id='word_1_53' title='bbox 1250 1033 1347 1097; x_wconf 89' lang='lat' dir='ltr'>corda</span> 
     </span>
     <span class='ocr_line' id='line_1_8' title="bbox 199 1139 1438 1223; baseline 0 -21"><span class='ocrx_word' id='word_1_54' title='bbox 199 1140 360 1204; x_wconf 88' lang='lat' dir='ltr'>durantur.</span> <span class='ocrx_word' id='word_1_55' title='bbox 385 1139 478 1204; x_wconf 85' lang='lat' dir='ltr'>iudex</span> <span class='ocrx_word' id='word_1_56' title='bbox 502 1139 617 1223; x_wconf 83' lang='lat' dir='ltr'>arguit,</span> <span class='ocrx_word' id='word_1_57' title='bbox 643 1139 743 1202; x_wconf 87' lang='lat' dir='ltr'>credit</span> <span class='ocrx_word' id='word_1_58' title='bbox 765 1139 920 1214; x_wconf 78' lang='lat' dir='ltr'>minister,</span> <span class='ocrx_word' id='word_1_59' title='bbox 944 1140 1087 1222; x_wconf 87' lang='lat' dir='ltr'>proditor</span> <span class='ocrx_word' id='word_1_60' title='bbox 1115 1141 1220 1204; x_wconf 87' lang='lat' dir='ltr'>scelus</span> <span class='ocrx_word' id='word_1_61' title='bbox 1250 1159 1344 1204; x_wconf 87' lang='lat' dir='ltr'>suurn</span> <span class='ocrx_word' id='word_1_62' title='bbox 1416 1143 1438 1194; x_wconf 81' lang='lat' dir='ltr'>B</span> 
     </span>
     <span class='ocr_line' id='line_1_9' title="bbox 199 1246 1347 1331; baseline 0 -21"><span class='ocrx_word' id='word_1_63' title='bbox 199 1251 298 1312; x_wconf 92' lang='lat' dir='ltr'>morte</span> <span class='ocrx_word' id='word_1_64' title='bbox 313 1246 510 1326; x_wconf 88' lang='lat' dir='ltr'>condemnet,</span> <span class='ocrx_word' id='word_1_65' title='bbox 523 1247 677 1310; x_wconf 86' lang='lat' dir='ltr'>elementa</span> <span class='ocrx_word' id='word_1_66' title='bbox 691 1247 828 1331; x_wconf 82' lang='lat' dir='ltr'>fugiunt,</span> <span class='ocrx_word' id='word_1_67' title='bbox 845 1250 926 1310; x_wconf 87' lang='lat' dir='ltr'>terra</span> <span class='ocrx_word' id='word_1_68' title='bbox 938 1247 1128 1325; x_wconf 69' lang='lat' dir='ltr'>concutitur,</span> <span class='ocrx_word' id='word_1_69' title='bbox 1139 1251 1347 1310; x_wconf 87' lang='lat' dir='ltr'>monumenta</span> 
     </span>
     <span class='ocr_line' id='line_1_10' title="bbox 199 1353 1346 1430; baseline 0 -14"><span class='ocrx_word' id='word_1_70' title='bbox 199 1357 386 1430; x_wconf 84' lang='lat' dir='ltr'>reserantur,</span> <span class='ocrx_word' id='word_1_71' title='bbox 420 1353 610 1418; x_wconf 88' lang='lat' dir='ltr'>Iudaeorum</span> <span class='ocrx_word' id='word_1_72' title='bbox 641 1356 747 1417; x_wconf 86' lang='lat' dir='ltr'>tamen</span> <span class='ocrx_word' id='word_1_73' title='bbox 780 1353 941 1418; x_wconf 90' lang='lat' dir='ltr'>inmobilis</span> <span class='ocrx_word' id='word_1_74' title='bbox 975 1353 1091 1418; x_wconf 86' lang='lat' dir='ltr'>duritia</span> <span class='ocrx_word' id='word_1_75' title='bbox 1127 1357 1233 1418; x_wconf 87' lang='lat' dir='ltr'>manet</span> <span class='ocrx_word' id='word_1_76' title='bbox 1270 1353 1346 1417; x_wconf 91' lang='lat' dir='ltr'>orbe</span> 
     </span>
     <span class='ocr_line' id='line_1_11' title="bbox 201 1479 1392 1524; baseline -0.001 -1"><span class='ocrx_word' id='word_1_77' title='bbox 201 1479 365 1524; x_wconf 87' lang='lat' dir='ltr'>concusso.</span> <span class='ocrx_word' id='word_1_78' title='bbox 1366 1486 1392 1523; x_wconf 81' lang='grc' dir='ltr'>ιο</span> 
     </span>
    </p>

    <p class='ocr_par' dir='ltr' id='par_1_4' title="bbox 113 1565 1345 1642">
     <span class='ocr_line' id='line_1_12' title="bbox 113 1565 1345 1642; baseline -0.005 -8"><span class='ocrx_word' id='word_1_79' title='bbox 113 1573 175 1634; x_wconf 93' lang='grc'>129</span> <span class='ocrx_word' id='word_1_80' title='bbox 246 1566 380 1630; x_wconf 84' lang='lat' dir='ltr'>Stabant</span> <span class='ocrx_word' id='word_1_81' title='bbox 407 1569 513 1630; x_wconf 88' lang='lat' dir='ltr'>autem</span> <span class='ocrx_word' id='word_1_82' title='bbox 547 1566 696 1630; x_wconf 89' lang='lat' dir='ltr'>mulieres</span> <span class='ocrx_word' id='word_1_83' title='bbox 730 1567 807 1630; x_wconf 91' lang='lat' dir='ltr'>haec</span> <span class='ocrx_word' id='word_1_84' title='bbox 842 1565 997 1642; x_wconf 89' lang='lat' dir='ltr'>uidentes,</span> <span class='ocrx_word' id='word_1_85' title='bbox 1031 1567 1137 1630; x_wconf 85' lang='lat' dir='ltr'>stabat</span> <span class='ocrx_word' id='word_1_86' title='bbox 1169 1569 1202 1630; x_wconf 91' lang='lat' dir='ltr'>et</span> <span class='ocrx_word' id='word_1_87' title='bbox 1233 1569 1345 1635; x_wconf 86' lang='lat' dir='ltr'>mater.</span> 
     </span>
    </p>

    <p class='ocr_par' dir='ltr' id='par_1_5' title="bbox 108 1671 1346 1968">
     <span class='ocr_line' id='line_1_13' title="bbox 108 1671 1346 1755; baseline -0.001 -20"><span class='ocrx_word' id='word_1_88' title='bbox 108 1692 143 1744; x_wconf 83' lang='lat' dir='ltr'>ea,</span> <span class='ocrx_word' id='word_1_89' title='bbox 161 1695 187 1738; x_wconf 77' lang='lat' dir='ltr'>rc</span> <span class='ocrx_word' id='word_1_90' title='bbox 203 1691 274 1736; x_wconf 87' lang='lat' dir='ltr'>cnm</span> <span class='ocrx_word' id='word_1_91' title='bbox 300 1672 406 1738; x_wconf 90' lang='lat' dir='ltr'>studio</span> <span class='ocrx_word' id='word_1_92' title='bbox 430 1671 559 1752; x_wconf 89' lang='lat' dir='ltr'>pietatis</span> <span class='ocrx_word' id='word_1_93' title='bbox 584 1691 641 1736; x_wconf 89' lang='lat' dir='ltr'>sua</span> <span class='ocrx_word' id='word_1_94' title='bbox 665 1673 806 1755; x_wconf 87' lang='lat' dir='ltr'>pericula</span> <span class='ocrx_word' id='word_1_95' title='bbox 829 1673 1042 1754; x_wconf 87' lang='lat' dir='ltr'>posthaberet.</span> <span class='ocrx_word' id='word_1_96' title='bbox 1067 1673 1123 1736; x_wconf 91' lang='lat' dir='ltr'>sed</span> <span class='ocrx_word' id='word_1_97' title='bbox 1147 1675 1178 1736; x_wconf 91' lang='lat' dir='ltr'>et</span> <span class='ocrx_word' id='word_1_98' title='bbox 1198 1671 1346 1736; x_wconf 87' lang='lat' dir='ltr'>dominus</span> 
     </span>
     <span class='ocr_line' id='line_1_14' title="bbox 201 1779 1344 1861; baseline 0 -19"><span class='ocrx_word' id='word_1_99' title='bbox 201 1797 375 1861; x_wconf 88' lang='lat' dir='ltr'>suspensus</span> <span class='ocrx_word' id='word_1_100' title='bbox 399 1779 430 1842; x_wconf 92' lang='lat' dir='ltr'>in</span> <span class='ocrx_word' id='word_1_101' title='bbox 456 1797 558 1856; x_wconf 90' lang='lat' dir='ltr'>cruce,</span> <span class='ocrx_word' id='word_1_102' title='bbox 583 1779 637 1861; x_wconf 90' lang='lat' dir='ltr'>qui</span> <span class='ocrx_word' id='word_1_103' title='bbox 662 1799 719 1844; x_wconf 88' lang='lat' dir='ltr'>sua</span> <span class='ocrx_word' id='word_1_104' title='bbox 737 1779 876 1861; x_wconf 85' lang='lat' dir='ltr'>pericula</span> <span class='ocrx_word' id='word_1_105' title='bbox 895 1782 1117 1856; x_wconf 88' lang='lat' dir='ltr'>contemneret,</span> <span class='ocrx_word' id='word_1_106' title='bbox 1137 1780 1188 1861; x_wconf 90' lang='lat' dir='ltr'>pio</span> <span class='ocrx_word' id='word_1_107' title='bbox 1210 1781 1344 1842; x_wconf 86' lang='lat' dir='ltr'>matrem</span> 
     </span>
     <span class='ocr_line' id='line_1_15' title="bbox 200 1885 1345 1968; baseline 0.001 -20"><span class='ocrx_word' id='word_1_108' title='bbox 200 1885 428 1949; x_wconf 88' lang='lat' dir='ltr'>conmendabat</span> <span class='ocrx_word' id='word_1_109' title='bbox 451 1885 577 1949; x_wconf 84' lang='lat' dir='ltr'>affectu.</span> <span class='ocrx_word' id='word_1_110' title='bbox 602 1885 684 1966; x_wconf 92' lang='lat' dir='ltr'>qnod</span> <span class='ocrx_word' id='word_1_111' title='bbox 709 1904 769 1949; x_wconf 94' lang='lat' dir='ltr'>non</span> <span class='ocrx_word' id='word_1_112' title='bbox 794 1885 895 1950; x_wconf 90' lang='lat' dir='ltr'>otiose</span> <span class='ocrx_word' id='word_1_113' title='bbox 920 1885 1075 1950; x_wconf 88' lang='lat' dir='ltr'>Iohannes</span> <span class='ocrx_word' id='word_1_114' title='bbox 1103 1885 1247 1968; x_wconf 82' lang='lat' dir='ltr'>pluribus</span> <span class='ocrx_word' id='word_1_115' title='bbox 1275 1905 1345 1968; x_wconf 90' lang='lat' dir='ltr'>pro·</span> 
     </span>
    </p>

    <p class='ocr_par' dir='ltr' id='par_1_6' title="bbox 109 1991 1435 2498">
     <span class='ocr_line' id='line_1_16' title="bbox 109 1991 1435 2074; baseline 0.002 -20"><span class='ocrx_word' id='word_1_116' title='bbox 109 2013 143 2062; x_wconf 82' lang='lat' dir='ltr'>ae,</span> <span class='ocrx_word' id='word_1_117' title='bbox 159 2014 185 2055; x_wconf 76' lang='lat' dir='ltr'>rc</span> <span class='ocrx_word' id='word_1_118' title='bbox 200 1996 329 2055; x_wconf 87' lang='lat' dir='ltr'>secutus</span> <span class='ocrx_word' id='word_1_119' title='bbox 354 1996 415 2066; x_wconf 89' lang='lat' dir='ltr'>est;</span> <span class='ocrx_word' id='word_1_120' title='bbox 437 1991 490 2055; x_wconf 92' lang='lat' dir='ltr'>alii</span> <span class='ocrx_word' id='word_1_121' title='bbox 510 1991 592 2056; x_wconf 91' lang='lat' dir='ltr'>enim</span> <span class='ocrx_word' id='word_1_122' title='bbox 613 1991 765 2056; x_wconf 90' lang='lat' dir='ltr'>mundum</span> <span class='ocrx_word' id='word_1_123' title='bbox 786 1991 979 2074; x_wconf 85' lang='lat' dir='ltr'>descripsere</span> <span class='ocrx_word' id='word_1_124' title='bbox 999 2009 1199 2068; x_wconf 87' lang='lat' dir='ltr'>concussum,</span> <span class='ocrx_word' id='word_1_125' title='bbox 1219 1993 1343 2056; x_wconf 88' lang='lat' dir='ltr'>caelum</span> <span class='ocrx_word' id='word_1_126' title='bbox 1367 2019 1390 2056; x_wconf 81' lang='lat' dir='ltr'>u</span> <span class='ocrx_word' id='word_1_127' title='bbox 1415 1993 1435 2048; x_wconf 86' lang='lat' dir='ltr'>C</span> 
     </span>
     <span class='ocr_line' id='line_1_17' title="bbox 199 2097 1345 2181; baseline 0 -20"><span class='ocrx_word' id='word_1_128' title='bbox 199 2097 337 2161; x_wconf 89' lang='lat' dir='ltr'>tenebris</span> <span class='ocrx_word' id='word_1_129' title='bbox 367 2097 552 2172; x_wconf 87' lang='lat' dir='ltr'>obductum,</span> <span class='ocrx_word' id='word_1_130' title='bbox 580 2097 737 2181; x_wconf 84' lang='lat' dir='ltr'>refugisse</span> <span class='ocrx_word' id='word_1_131' title='bbox 761 2099 870 2162; x_wconf 91' lang='lat' dir='ltr'>solem.</span> <span class='ocrx_word' id='word_1_132' title='bbox 895 2097 1082 2162; x_wconf 84' lang='lat' dir='ltr'>addiderunt</span> <span class='ocrx_word' id='word_1_133' title='bbox 1104 2098 1288 2161; x_wconf 87' lang='lat' dir='ltr'>Matthaeus</span> <span class='ocrx_word' id='word_1_134' title='bbox 1313 2101 1345 2161; x_wconf 90' lang='lat' dir='ltr'>et</span> 
     </span>
     <span class='ocr_line' id='line_1_18' title="bbox 200 2204 1344 2286; baseline 0.001 -19"><span class='ocrx_word' id='word_1_135' title='bbox 200 2205 338 2280; x_wconf 89' lang='lat' dir='ltr'>Marcus,</span> <span class='ocrx_word' id='word_1_136' title='bbox 368 2205 423 2286; x_wconf 93' lang='lat' dir='ltr'>qni</span> <span class='ocrx_word' id='word_1_137' title='bbox 451 2205 588 2268; x_wconf 86' lang='lat' dir='ltr'>hnmana</span> <span class='ocrx_word' id='word_1_138' title='bbox 616 2209 711 2286; x_wconf 90' lang='lat' dir='ltr'>atque</span> <span class='ocrx_word' id='word_1_139' title='bbox 744 2204 875 2268; x_wconf 85' lang='lat' dir='ltr'>morafie</span> <span class='ocrx_word' id='word_1_140' title='bbox 907 2205 1035 2268; x_wconf 89' lang='lat' dir='ltr'>uberius</span> <span class='ocrx_word' id='word_1_141' title='bbox 1064 2205 1224 2285; x_wconf 88' lang='lat' dir='ltr'>prosecuti</span> <span class='ocrx_word' id='word_1_142' title='bbox 1254 2209 1344 2268; x_wconf 86' lang='lat' dir='ltr'>sunt:</span> 
     </span>
     <span class='ocr_line' id='line_1_19' title="bbox 202 2309 1344 2393; baseline 0.003 -20"><span class='ocrx_word' id='word_1_143' title='bbox 202 2309 1344 2393; x_wconf 79' lang='lat' dir='ltr'>dens,deusmeus,respiceme1qnaremedereliquisti?</span> 
     </span>
     <span class='ocr_line' id='line_1_20' title="bbox 200 2417 1345 2498; baseline -0.001 -18"><span class='ocrx_word' id='word_1_144' title='bbox 200 2421 237 2480; x_wconf 90' lang='lat' dir='ltr'>nt</span> <span class='ocrx_word' id='word_1_145' title='bbox 269 2417 307 2480; x_wconf 91' lang='lat' dir='ltr'>ad</span> <span class='ocrx_word' id='word_1_146' title='bbox 341 2436 466 2482; x_wconf 89' lang='lat' dir='ltr'>crucem</span> <span class='ocrx_word' id='word_1_147' title='bbox 502 2417 618 2482; x_wconf 79' lang='lat' dir='ltr'>Christi</span> <span class='ocrx_word' id='word_1_148' title='bbox 652 2417 888 2498; x_wconf 89' lang='lat' dir='ltr'>susceptionem</span> <span class='ocrx_word' id='word_1_149' title='bbox 924 2417 1107 2498; x_wconf 88' lang='lat' dir='ltr'>peruenisse</span> <span class='ocrx_word' id='word_1_150' title='bbox 1145 2417 1345 2481; x_wconf 86' lang='lat' dir='ltr'>crederemus</span> 
     </span>
    </p>
   </div>
   <div class='ocr_carea' id='block_1_3' title="bbox 110 2523 1501 3248">
    <p class='ocr_par' dir='ltr' id='par_1_7' title="bbox 111 2523 1390 2606">
     <span class='ocr_line' id='line_1_21' title="bbox 111 2523 1390 2606; baseline -0.005 -16"><span class='ocrx_word' id='word_1_151' title='bbox 111 2547 145 2600; x_wconf 82' lang='lat' dir='ltr'>aa,</span> <span class='ocrx_word' id='word_1_152' title='bbox 160 2549 186 2590; x_wconf 77' lang='lat' dir='ltr'>ea</span> <span class='ocrx_word' id='word_1_153' title='bbox 202 2524 395 2588; x_wconf 82' lang='lat' dir='ltr'>condicionis</span> <span class='ocrx_word' id='word_1_154' title='bbox 410 2525 575 2588; x_wconf 90' lang='lat' dir='ltr'>hnmanae.</span> <span class='ocrx_word' id='word_1_155' title='bbox 590 2525 693 2589; x_wconf 87' lang='lat' dir='ltr'>Lucas</span> <span class='ocrx_word' id='word_1_156' title='bbox 709 2530 814 2588; x_wconf 88' lang='lat' dir='ltr'>autern</span> <span class='ocrx_word' id='word_1_157' title='bbox 835 2530 1003 2606; x_wconf 88' lang='lat' dir='ltr'>conpetere</span> <span class='ocrx_word' id='word_1_158' title='bbox 1022 2523 1185 2588; x_wconf 86' lang='lat' dir='ltr'>euidenter</span> <span class='ocrx_word' id='word_1_159' title='bbox 1204 2523 1346 2588; x_wconf 88' lang='lat' dir='ltr'>adseruit</span> <span class='ocrx_word' id='word_1_160' title='bbox 1364 2551 1390 2588; x_wconf 72' lang='lat' dir='ltr'>a»</span> 
     </span>
    </p>

    <p class='ocr_par' dir='ltr' id='par_1_8' title="bbox 110 2629 1501 3248">
     <span class='ocr_line' id='line_1_22' title="bbox 110 2629 1345 2709; baseline -0.004 -12"><span class='ocrx_word' id='word_1_161' title='bbox 110 2655 145 2709; x_wconf 81' lang='lat' dir='ltr'>ee,</span> <span class='ocrx_word' id='word_1_162' title='bbox 161 2656 186 2698; x_wconf 83' lang='lat' dir='ltr'>aa</span> <span class='ocrx_word' id='word_1_163' title='bbox 201 2629 315 2695; x_wconf 86' lang='lat' dir='ltr'>latroni</span> <span class='ocrx_word' id='word_1_164' title='bbox 348 2631 473 2694; x_wconf 89' lang='lat' dir='ltr'>ueniam</span> <span class='ocrx_word' id='word_1_165' title='bbox 508 2630 694 2694; x_wconf 90' lang='lat' dir='ltr'>sacerdotali</span> <span class='ocrx_word' id='word_1_166' title='bbox 726 2631 951 2695; x_wconf 87' lang='lat' dir='ltr'>intercessione</span> <span class='ocrx_word' id='word_1_167' title='bbox 984 2629 1130 2693; x_wconf 89' lang='lat' dir='ltr'>donatam</span> <span class='ocrx_word' id='word_1_168' title='bbox 1160 2632 1192 2692; x_wconf 89' lang='lat' dir='ltr'>et</span> <span class='ocrx_word' id='word_1_169' title='bbox 1218 2629 1345 2694; x_wconf 90' lang='lat' dir='ltr'>Indaeis</span> 
     </span>
     <span class='ocr_line' id='line_1_23' title="bbox 202 2736 1434 2821; baseline 0 -21"><span class='ocrx_word' id='word_1_170' title='bbox 202 2737 463 2819; x_wconf 88' lang='lat' dir='ltr'>persequentibus</span> <span class='ocrx_word' id='word_1_171' title='bbox 497 2737 606 2801; x_wconf 92' lang='lat' dir='ltr'>eodem</span> <span class='ocrx_word' id='word_1_172' title='bbox 640 2756 769 2802; x_wconf 90' lang='lat' dir='ltr'>munere</span> <span class='ocrx_word' id='word_1_173' title='bbox 801 2736 1030 2821; x_wconf 84' lang='lat' dir='ltr'>indulgentiam</span> <span class='ocrx_word' id='word_1_174' title='bbox 1064 2736 1269 2819; x_wconf 85' lang='lat' dir='ltr'>postulatam.</span> <span class='ocrx_word' id='word_1_175' title='bbox 1298 2737 1345 2800; x_wconf 91' lang='lat' dir='ltr'>Io·</span> <span class='ocrx_word' id='word_1_176' title='bbox 1410 2739 1434 2792; x_wconf 84' lang='lat' dir='ltr'>D</span> 
     </span>
     <span class='ocr_line' id='line_1_24' title="bbox 202 2843 1345 2930; baseline 0.001 -25"><span class='ocrx_word' id='word_1_177' title='bbox 202 2843 321 2906; x_wconf 88' lang='lat' dir='ltr'>frannes</span> <span class='ocrx_word' id='word_1_178' title='bbox 359 2863 444 2928; x_wconf 87' lang='lat' dir='ltr'>ergo,</span> <span class='ocrx_word' id='word_1_179' title='bbox 483 2843 536 2926; x_wconf 89' lang='lat' dir='ltr'>qui</span> <span class='ocrx_word' id='word_1_180' title='bbox 574 2843 699 2930; x_wconf 85' lang='lat' dir='ltr'>plenius</span> <span class='ocrx_word' id='word_1_181' title='bbox 737 2843 845 2908; x_wconf 89' lang='lat' dir='ltr'>diuina</span> <span class='ocrx_word' id='word_1_182' title='bbox 882 2843 1061 2925; x_wconf 88' lang='lat' dir='ltr'>penetrauit</span> <span class='ocrx_word' id='word_1_183' title='bbox 1093 2844 1251 2926; x_wconf 81' lang='lat' dir='ltr'>mysteria,</span> <span class='ocrx_word' id='word_1_184' title='bbox 1285 2863 1345 2907; x_wconf 92' lang='lat' dir='ltr'>non</span> 
     </span>
     <span class='ocr_line' id='line_1_25' title="bbox 202 2949 1347 3034; baseline 0 -22"><span class='ocrx_word' id='word_1_185' title='bbox 202 2949 349 3014; x_wconf 85' lang='lat' dir='ltr'>inmerito</span> <span class='ocrx_word' id='word_1_186' title='bbox 379 2951 546 3027; x_wconf 82' lang='lat' dir='ltr'>laborauit,</span> <span class='ocrx_word' id='word_1_187' title='bbox 576 2955 612 3014; x_wconf 94' lang='lat' dir='ltr'>nt</span> <span class='ocrx_word' id='word_1_188' title='bbox 640 2970 719 3033; x_wconf 88' lang='lat' dir='ltr'>qnae</span> <span class='ocrx_word' id='word_1_189' title='bbox 748 2951 841 3015; x_wconf 92' lang='lat' dir='ltr'>deum</span> <span class='ocrx_word' id='word_1_190' title='bbox 871 2953 1075 3034; x_wconf 86' lang='lat' dir='ltr'>generauerat</span> <span class='ocrx_word' id='word_1_191' title='bbox 1097 2950 1253 3014; x_wconf 88' lang='lat' dir='ltr'>mansisse</span> <span class='ocrx_word' id='word_1_192' title='bbox 1277 2969 1347 3013; x_wconf 87' lang='lat' dir='ltr'>eam</span> 
     </span>
     <span class='ocr_line' id='line_1_26' title="bbox 204 3039 1501 3142; baseline 0 -22"><span class='ocrx_word' id='word_1_193' title='bbox 204 3056 358 3140; x_wconf 85' lang='lat' dir='ltr'>uirginem</span> <span class='ocrx_word' id='word_1_194' title='bbox 388 3056 569 3121; x_wconf 87' lang='lat' dir='ltr'>declararet.</span> <span class='ocrx_word' id='word_1_195' title='bbox 600 3059 687 3121; x_wconf 87' lang='lat' dir='ltr'>solus</span> <span class='ocrx_word' id='word_1_196' title='bbox 717 3077 791 3142; x_wconf 86' lang='lat' dir='ltr'>ergo</span> <span class='ocrx_word' id='word_1_197' title='bbox 821 3077 872 3121; x_wconf 90' lang='lat' dir='ltr'>me</span> <span class='ocrx_word' id='word_1_198' title='bbox 902 3057 994 3122; x_wconf 91' lang='lat' dir='ltr'>docet</span> <span class='ocrx_word' id='word_1_199' title='bbox 1022 3057 1106 3140; x_wconf 90' lang='lat' dir='ltr'>quod</span> <span class='ocrx_word' id='word_1_200' title='bbox 1130 3057 1184 3120; x_wconf 91' lang='lat' dir='ltr'>alii</span> <span class='ocrx_word' id='word_1_201' title='bbox 1208 3075 1268 3120; x_wconf 95' lang='lat' dir='ltr'>non</span> <span class='ocrx_word' id='word_1_202' title='bbox 1293 3057 1346 3121; x_wconf 91' lang='lat' dir='ltr'>do·</span> <span class='ocrx_word' id='word_1_203' title='bbox 1366 3085 1390 3121; x_wconf 72' lang='lat' dir='ltr'>rc</span> <span class='ocrx_word' id='word_1_204' title='bbox 1500 3039 1501 3046; x_wconf 9' lang='grc' dir='ltr'>ἵ</span> 
     </span>
     <span class='ocr_line' id='line_1_27' title="bbox 203 3164 1345 3248; baseline 0 -20"><span class='ocrx_word' id='word_1_205' title='bbox 203 3167 337 3228; x_wconf 85' lang='lat' dir='ltr'>enernnt</span> <span class='ocrx_word' id='word_1_206' title='bbox 365 3164 629 3246; x_wconf 90' lang='lat' dir='ltr'>quemadmodum</span> <span class='ocrx_word' id='word_1_207' title='bbox 657 3165 688 3228; x_wconf 94' lang='lat' dir='ltr'>in</span> <span class='ocrx_word' id='word_1_208' title='bbox 717 3184 809 3230; x_wconf 89' lang='lat' dir='ltr'>cruce</span> <span class='ocrx_word' id='word_1_209' title='bbox 832 3165 957 3248; x_wconf 86' lang='lat' dir='ltr'>positus</span> <span class='ocrx_word' id='word_1_210' title='bbox 982 3165 1190 3247; x_wconf 88' lang='lat' dir='ltr'>appellauerit</span> <span class='ocrx_word' id='word_1_211' title='bbox 1213 3167 1345 3228; x_wconf 86' lang='lat' dir='ltr'>matrem</span> 
     </span>
    </p>
   </div>
   <div class='ocr_carea' id='block_1_4' title="bbox 204 3407 1347 3743">
    <p class='ocr_par' dir='ltr' id='par_1_9' title="bbox 204 3407 1347 3743">
     <span class='ocr_line' id='line_1_28' title="bbox 293 3407 1347 3472; baseline -0.002 -9"><span class='ocrx_word' id='word_1_212' title='bbox 293 3408 355 3463; x_wconf 85' lang='lat'>311</span> <span class='ocrx_word' id='word_1_213' title='bbox 374 3408 434 3462; x_wconf 87' lang='lat' dir='ltr'>Cor.</span> <span class='ocrx_word' id='word_1_214' title='bbox 454 3410 479 3472; x_wconf 89' lang='lat'>3,</span> <span class='ocrx_word' id='word_1_215' title='bbox 501 3409 533 3462; x_wconf 83' lang='lat'>14</span> <span class='ocrx_word' id='word_1_216' title='bbox 605 3408 801 3470; x_wconf 72' lang='lat' dir='ltr'>emarcum,</span> <span class='ocrx_word' id='word_1_217' title='bbox 822 3409 856 3462; x_wconf 81' lang='lat'>54</span> <span class='ocrx_word' id='word_1_218' title='bbox 929 3407 1062 3462; x_wconf 73' lang='lat' dir='ltr'>unates.</span> <span class='ocrx_word' id='word_1_219' title='bbox 1083 3409 1161 3472; x_wconf 81' lang='grc'>27,5</span> <span class='ocrx_word' id='word_1_220' title='bbox 1236 3407 1347 3461; x_wconf 86' lang='lat'>121011.</span> 
     </span>
     <span class='ocr_line' id='line_1_29' title="bbox 205 3497 1347 3567; baseline 0.002 -17"><span class='ocrx_word' id='word_1_221' title='bbox 205 3498 247 3564; x_wconf 87' lang='grc'>19,</span> <span class='ocrx_word' id='word_1_222' title='bbox 266 3498 300 3550; x_wconf 93' lang='grc'>26</span> <span class='ocrx_word' id='word_1_223' title='bbox 319 3515 359 3567; x_wconf 92' lang='lat' dir='ltr'>sq.</span> <span class='ocrx_word' id='word_1_224' title='bbox 447 3499 479 3550; x_wconf 85' lang='lat'>15</span> <span class='ocrx_word' id='word_1_225' title='bbox 498 3497 597 3552; x_wconf 88' lang='lat' dir='ltr'>Matth.</span> <span class='ocrx_word' id='word_1_226' title='bbox 617 3499 661 3558; x_wconf 87' lang='grc'>27,</span> <span class='ocrx_word' id='word_1_227' title='bbox 682 3499 714 3552; x_wconf 83' lang='lat'>51</span> <span class='ocrx_word' id='word_1_228' title='bbox 734 3499 815 3552; x_wconf 86' lang='lat' dir='ltr'>Marc.</span> <span class='ocrx_word' id='word_1_229' title='bbox 837 3499 878 3564; x_wconf 79' lang='lat'>15,</span> <span class='ocrx_word' id='word_1_230' title='bbox 897 3499 932 3551; x_wconf 88' lang='grc'>33</span> <span class='ocrx_word' id='word_1_231' title='bbox 1020 3499 1052 3553; x_wconf 84' lang='grc'>15</span> <span class='ocrx_word' id='word_1_232' title='bbox 1072 3513 1130 3567; x_wconf 92' lang='lat' dir='ltr'>sqq.</span> <span class='ocrx_word' id='word_1_233' title='bbox 1151 3497 1184 3551; x_wconf 91' lang='lat' dir='ltr'>cf.</span> <span class='ocrx_word' id='word_1_234' title='bbox 1204 3497 1283 3566; x_wconf 87' lang='lat' dir='ltr'>epist.</span> <span class='ocrx_word' id='word_1_235' title='bbox 1304 3500 1347 3557; x_wconf 85' lang='grc'>63,</span> 
     </span>
     <span class='ocr_line' id='line_1_30' title="bbox 205 3585 1346 3653; baseline 0.002 -15"><span class='ocrx_word' id='word_1_236' title='bbox 205 3586 256 3638; x_wconf 89' lang='grc'>109</span> <span class='ocrx_word' id='word_1_237' title='bbox 275 3588 304 3638; x_wconf 89' lang='lat' dir='ltr'>et</span> <span class='ocrx_word' id='word_1_238' title='bbox 324 3587 374 3642; x_wconf 91' lang='lat'>110</span> <span class='ocrx_word' id='word_1_239' title='bbox 452 3587 485 3639; x_wconf 91' lang='grc'>16</span> <span class='ocrx_word' id='word_1_240' title='bbox 503 3586 602 3640; x_wconf 87' lang='lat' dir='ltr'>Matth.</span> <span class='ocrx_word' id='word_1_241' title='bbox 622 3589 665 3650; x_wconf 81' lang='grc'>27,</span> <span class='ocrx_word' id='word_1_242' title='bbox 684 3588 719 3640; x_wconf 83' lang='grc'>46</span> <span class='ocrx_word' id='word_1_243' title='bbox 738 3587 819 3641; x_wconf 84' lang='lat' dir='ltr'>Mare.</span> <span class='ocrx_word' id='word_1_244' title='bbox 842 3589 883 3653; x_wconf 82' lang='lat'>15,</span> <span class='ocrx_word' id='word_1_245' title='bbox 901 3587 936 3642; x_wconf 85' lang='grc'>34</span> <span class='ocrx_word' id='word_1_246' title='bbox 955 3587 998 3640; x_wconf 88' lang='lat' dir='ltr'>Ps.</span> <span class='ocrx_word' id='word_1_247' title='bbox 1018 3587 1061 3650; x_wconf 86' lang='lat'>21,</span> <span class='ocrx_word' id='word_1_248' title='bbox 1081 3589 1097 3638; x_wconf 82' lang='lat'><strong>2</strong></span> <span class='ocrx_word' id='word_1_249' title='bbox 1170 3587 1205 3640; x_wconf 85' lang='lat'>22</span> <span class='ocrx_word' id='word_1_250' title='bbox 1223 3585 1282 3640; x_wconf 87' lang='lat' dir='ltr'>Ich.</span> <span class='ocrx_word' id='word_1_251' title='bbox 1305 3589 1346 3652; x_wconf 86' lang='lat'>19,</span> 
     </span>
     <span class='ocr_line' id='line_1_31' title="bbox 204 3675 297 3743; baseline 0.011 -16"><span class='ocrx_word' id='word_1_252' title='bbox 204 3675 238 3728; x_wconf 83' lang='lat'>26</span> <span class='ocrx_word' id='word_1_253' title='bbox 256 3690 297 3743; x_wconf 87' lang='lat' dir='ltr'>sq.</span> 
     </span>
    </p>
   </div>
   <div class='ocr_carea' id='block_1_5' title="bbox 204 3848 1348 4275">
    <p class='ocr_par' dir='ltr' id='par_1_10' title="bbox 204 3848 1348 4007">
     <span class='ocr_line' id='line_1_32' title="bbox 240 3848 1348 3920; baseline -0.002 -16"><span class='ocrx_word' id='word_1_254' title='bbox 240 3850 257 3904; x_wconf 90' lang='lat'>8</span> <span class='ocrx_word' id='word_1_255' title='bbox 276 3850 429 3906; x_wconf 86' lang='lat' dir='ltr'>uoluntaria</span> <span class='ocrx_word' id='word_1_256' title='bbox 447 3855 533 3904; x_wconf 89' lang='lat' dir='ltr'>morte</span> <span class='ocrx_word' id='word_1_257' title='bbox 552 3851 625 3920; x_wconf 71' lang='lat' dir='ltr'>usn</span> <span class='ocrx_word' id='word_1_258' title='bbox 658 3854 674 3904; x_wconf 88' lang='lat'>9</span> <span class='ocrx_word' id='word_1_259' title='bbox 695 3851 760 3904; x_wconf 90' lang='lat' dir='ltr'>urbe</span> <span class='ocrx_word' id='word_1_260' title='bbox 780 3866 909 3904; x_wconf 84' lang='lat' dir='ltr'>concussa</span> <span class='ocrx_word' id='word_1_261' title='bbox 927 3849 959 3902; x_wconf 86' lang='lat' dir='ltr'><em>X</em></span> <span class='ocrx_word' id='word_1_262' title='bbox 999 3851 1031 3903; x_wconf 92' lang='grc'>12</span> <span class='ocrx_word' id='word_1_263' title='bbox 1050 3848 1348 3906; x_wconf 81' lang='lat' dir='ltr'>sed...contenrneret</span> 
     </span>
     <span class='ocr_line' id='line_1_33' title="bbox 204 3937 1348 4007; baseline -0.003 -15"><span class='ocrx_word' id='word_1_264' title='bbox 204 3941 454 3993; x_wconf 66' lang='lat' dir='ltr'>intersererem</span> <span class='ocrx_word' id='word_1_265' title='bbox 472 3941 505 4005; x_wconf 93' lang='lat' dir='ltr'>P,</span> <span class='ocrx_word' id='word_1_266' title='bbox 525 3956 576 3994; x_wconf 85' lang='lat' dir='ltr'>om.</span> <span class='ocrx_word' id='word_1_267' title='bbox 595 3939 621 3993; x_wconf 84' lang='lat' dir='ltr'><em>L</em></span> <span class='ocrx_word' id='word_1_268' title='bbox 708 3944 735 3994; x_wconf 91' lang='lat' dir='ltr'>et</span> <span class='ocrx_word' id='word_1_269' title='bbox 753 3955 804 3993; x_wconf 88' lang='lat' dir='ltr'>om.</span> <span class='ocrx_word' id='word_1_270' title='bbox 823 3939 851 3992; x_wconf 93' lang='lat' dir='ltr'><em>P</em></span> <span class='ocrx_word' id='word_1_271' title='bbox 870 3941 937 4007; x_wconf 85' lang='lat' dir='ltr'>(m3)</span> <span class='ocrx_word' id='word_1_272' title='bbox 956 3940 987 3992; x_wconf 87' lang='lat' dir='ltr'><em>X</em></span> <span class='ocrx_word' id='word_1_273' title='bbox 1060 3940 1091 3991; x_wconf 88' lang='lat'>13</span> <span class='ocrx_word' id='word_1_274' title='bbox 1111 3954 1215 3992; x_wconf 87' lang='lat' dir='ltr'>crucem</span> <span class='ocrx_word' id='word_1_275' title='bbox 1235 3937 1300 4006; x_wconf 81' lang='lat' dir='ltr'>qnia</span> <span class='ocrx_word' id='word_1_276' title='bbox 1319 3938 1348 3990; x_wconf 87' lang='lat' dir='ltr'><em>X</em></span> 
     </span>
    </p>

    <p class='ocr_par' dir='ltr' id='par_1_11' title="bbox 206 4025 1348 4275">
     <span class='ocr_line' id='line_1_34' title="bbox 238 4025 1348 4099; baseline -0.003 -18"><span class='ocrx_word' id='word_1_277' title='bbox 238 4033 302 4095; x_wconf 84' lang='lat' dir='ltr'>port</span> <span class='ocrx_word' id='word_1_278' title='bbox 319 4029 438 4098; x_wconf 84' lang='lat' dir='ltr'>pericula</span> <span class='ocrx_word' id='word_1_279' title='bbox 457 4029 521 4082; x_wconf 83' lang='lat' dir='ltr'>add.</span> <span class='ocrx_word' id='word_1_280' title='bbox 543 4045 589 4098; x_wconf 87' lang='lat' dir='ltr'>pro</span> <span class='ocrx_word' id='word_1_281' title='bbox 609 4045 696 4099; x_wconf 89' lang='lat' dir='ltr'>poena</span> <span class='ocrx_word' id='word_1_282' title='bbox 715 4047 750 4098; x_wconf 84' lang='grc' dir='ltr'>αχ</span> <span class='ocrx_word' id='word_1_283' title='bbox 823 4029 855 4082; x_wconf 82' lang='lat'>15</span> <span class='ocrx_word' id='word_1_284' title='bbox 875 4026 1034 4096; x_wconf 86' lang='lat' dir='ltr'>discripsere</span> <span class='ocrx_word' id='word_1_285' title='bbox 1053 4027 1111 4080; x_wconf 84' lang='grc' dir='ltr'>ΒΧ</span> <span class='ocrx_word' id='word_1_286' title='bbox 1195 4025 1277 4080; x_wconf 84' lang='lat' dir='ltr'>caelis</span> <span class='ocrx_word' id='word_1_287' title='bbox 1295 4025 1348 4078; x_wconf 87' lang='lat' dir='ltr'>PL</span> 
     </span>
     <span class='ocr_line' id='line_1_35' title="bbox 208 4115 1347 4186; baseline -0.001 -17"><span class='ocrx_word' id='word_1_288' title='bbox 208 4117 239 4168; x_wconf 79' lang='lat'>17</span> <span class='ocrx_word' id='word_1_289' title='bbox 258 4116 385 4170; x_wconf 83' lang='lat' dir='ltr'>mortalia</span> <span class='ocrx_word' id='word_1_290' title='bbox 406 4117 501 4186; x_wconf 66' lang='lat' dir='ltr'>CM</span> <span class='ocrx_word' id='word_1_291' title='bbox 598 4121 629 4171; x_wconf 90' lang='lat' dir='ltr'>ut</span> <span class='ocrx_word' id='word_1_292' title='bbox 647 4118 737 4171; x_wconf 86' lang='lat' dir='ltr'>uerius</span> <span class='ocrx_word' id='word_1_293' title='bbox 757 4118 783 4170; x_wconf 94' lang='lat' dir='ltr'><em>P</em></span> <span class='ocrx_word' id='word_1_294' title='bbox 800 4121 880 4184; x_wconf 82' lang='lat' dir='ltr'>(corr.</span> <span class='ocrx_word' id='word_1_295' title='bbox 899 4117 1018 4182; x_wconf 83' lang='lat' dir='ltr'>uberins)</span> <span class='ocrx_word' id='word_1_296' title='bbox 1037 4115 1063 4168; x_wconf 87' lang='lat' dir='ltr'><em>L</em></span> <span class='ocrx_word' id='word_1_297' title='bbox 1146 4115 1178 4170; x_wconf 86' lang='lat' dir='ltr'>la</span> <span class='ocrx_word' id='word_1_298' title='bbox 1197 4115 1300 4184; x_wconf 85' lang='lat' dir='ltr'>respice</span> <span class='ocrx_word' id='word_1_299' title='bbox 1319 4115 1347 4168; x_wconf 90' lang='lat' dir='ltr'>in</span> 
     </span>
     <span class='ocr_line' id='line_1_36' title="bbox 206 4205 1166 4275; baseline 0 -17"><span class='ocrx_word' id='word_1_300' title='bbox 206 4221 248 4258; x_wconf 90' lang='lat' dir='ltr'>me</span> <span class='ocrx_word' id='word_1_301' title='bbox 266 4206 293 4259; x_wconf 89' lang='lat' dir='ltr'><strong><em>L</em></strong></span> <span class='ocrx_word' id='word_1_302' title='bbox 347 4207 381 4259; x_wconf 85' lang='grc'>25</span> <span class='ocrx_word' id='word_1_303' title='bbox 400 4207 448 4261; x_wconf 88' lang='lat' dir='ltr'>alii</span> <span class='ocrx_word' id='word_1_304' title='bbox 466 4224 508 4260; x_wconf 88' lang='lat' dir='ltr'>me</span> <span class='ocrx_word' id='word_1_305' title='bbox 528 4207 587 4270; x_wconf 87' lang='lat' dir='ltr'>PL,</span> <span class='ocrx_word' id='word_1_306' title='bbox 607 4207 642 4274; x_wconf 84' lang='lat' dir='ltr'>es.</span> <span class='ocrx_word' id='word_1_307' title='bbox 663 4207 739 4275; x_wconf 75' lang='lat' dir='ltr'>epist.</span> <span class='ocrx_word' id='word_1_308' title='bbox 762 4210 807 4274; x_wconf 89' lang='grc'>63,</span> <span class='ocrx_word' id='word_1_309' title='bbox 827 4207 885 4259; x_wconf 88' lang='lat'>109</span> <span class='ocrx_word' id='word_1_310' title='bbox 939 4205 973 4260; x_wconf 86' lang='grc'>26</span> <span class='ocrx_word' id='word_1_311' title='bbox 993 4221 1097 4259; x_wconf 88' lang='lat' dir='ltr'>crucem</span> <span class='ocrx_word' id='word_1_312' title='bbox 1118 4206 1166 4258; x_wconf 84' lang='grc' dir='ltr'>αΧ</span> 
     </span>
    </p>
   </div>
   <div class='ocr_carea' id='block_1_6' title="bbox 0 0 1542 4936">
    <p class='ocr_par' dir='ltr' id='par_1_12' title="bbox 0 0 1542 4936">
     <span class='ocr_line' id='line_1_37' title="bbox 0 0 1542 4936; baseline 0 0"><span class='ocrx_word' id='word_1_313' title='bbox 0 0 1542 4936; x_wconf 95' lang='lat' dir='ltr'> </span> 
     </span>
    </p>
   </div>
  </div>
 </body>
</html>
