3112 4936
302 452 442 524 Expositio
463 452 599 520 euangelii
618 451 706 506 Lucae
725 451 747 502 V
769 453 872 506 10-13
891 454 971 516 (1357
991 453 1124 507 D-lass
1144 453 1183 520 C).
1277 459 1339 522 183

196 669 270 712 uum
291 667 402 712 saurus
423 651 454 712 et
473 647 704 712 interueniendi
722 647 870 711 meritum
891 651 923 712 et
941 648 991 712 ius
1011 648 1127 712 habeat
1140 647 1339 732 inpetrandi?

197 755 283 820 disce
307 756 362 838 qui
385 755 507 820 iudicas
530 754 703 838 ignoscere,
736 754 901 837 dissequi
931 775 1023 838 aeger
1051 775 1085 820 es
1112 757 1279 838 inpetrare.
1314 757 1340 819 si

196 861 342 945 grauium
360 864 561 944 peccatorum
582 860 700 925 diffidis
722 861 857 936 ueniam,
882 860 995 926 adhibe
1014 865 1204 943 precatores,
1228 861 1341 926 adhibe

196 969 373 1044 eeclesiam,
407 987 486 1050 quae
510 987 565 1050 pro
595 971 625 1030 te
653 971 807 1049 precetur,
841 968 933 1032 cuius
962 968 1227 1051 contemplatione
1256 969 1341 1050 quod

81 1073 124 1134 12
162 1075 254 1138 ttibi
274 1075 420 1138 dominns
440 1094 554 1158 negare
573 1074 676 1156 possit
693 1074 841 1156 ignoscit.
861 1077 893 1138 et
912 1075 1058 1155 quamuis
1079 1075 1228 1138 historiae
1247 1075 1341 1138 tidem
1362 1080 1429 1135 1358
1450 1079 1473 1134 Α

13 1209 34 1257 a,
51 1211 78 1252 ar
96 1225 133 1260 ur.
196 1181 366 1245 debeamus
391 1201 450 1246 non
476 1181 633 1256 omittere,
666 1184 702 1242 ut
725 1199 799 1244 uere
822 1181 986 1263 paralytici
1009 1180 1104 1246 istius
1133 1200 1248 1263 eorpus
1276 1201 1340 1246 ore·

196 1287 309 1352 damus
333 1307 402 1351 esse
426 1291 583 1360 sanatum,
608 1304 763 1370 cognosce
787 1289 892 1350 tamen
916 1286 1074 1351 interioris
1098 1288 1235 1352 hominis
1259 1289 1341 1352 sani-

194 1397 304 1466 tatem,
328 1394 380 1458 cui
403 1397 533 1476 peccata
552 1393 716 1456 donantur.
742 1411 913 1474 quaecum
933 1393 1042 1458 ludaei
1061 1393 1212 1457 adserunt
1235 1414 1253 1458 a
1272 1396 1339 1460 solo

196 1499 322 1564 domiuo
346 1519 439 1583 posse
463 1499 603 1574 concedi,
628 1499 721 1562 deum
745 1499 856 1581 utique
875 1498 1063 1563 confitentur·
1082 1519 1202 1582 suoque
1221 1501 1340 1566 iudicio

151 1623 176 1660 ιο
198 1606 358 1688 perfidiam
383 1626 472 1672 suam
496 1606 642 1688 produnt,
667 1609 704 1668 ut
726 1623 806 1686 opus
831 1605 1006 1682 adstruant,
1030 1625 1195 1688 personam
1215 1615 1340 1691 negent.

196 1715 303 1794 itaque
326 1713 364 1776 ab
388 1712 468 1794 ipsis
492 1717 524 1776 et
548 1711 650 1794 operis
675 1711 725 1775 sui
748 1711 799 1775 dei
822 1711 906 1774 lilius
927 1712 1049 1794 aceepit
1067 1713 1284 1778 testimonium
1310 1719 1341 1777 et

196 1820 286 1883 uocis
310 1817 496 1902 suffragium
518 1837 579 1882 non
608 1818 755 1900 requirit;
788 1816 917 1899 perfidia
946 1819 1027 1881 enim
1053 1819 1195 1884 confiteri
1223 1825 1340 1902 potest,

196 1924 321 1990 credere
345 1944 406 1988 nou
429 1927 546 2008 potest.
578 1924 685 2006 itaque
713 1923 933 1988 testimonium
961 1943 1022 1988 non
1051 1925 1141 1989 deest
1168 1926 1380 2004 diuinitati,B

197 2033 275 2096 fides
299 2032 389 2096 deest
413 2032 520 2096 saluti.
553 2051 625 2095 uam
651 2035 683 2094 et
705 2030 844 2094 ualidius
869 2035 919 2094 est
946 2032 983 2095 ad
1013 2032 1106 2096 fidem
1135 2033 1219 2114 quod
1248 2034 1340 2098 confi-

152 2155 178 2193 ιτ»
196 2143 304 2202 tantur
325 2138 422 2202 inuiti
447 2141 479 2202 et
501 2137 710 2220 perniciosius
734 2137 773 2200 ad
797 2137 923 2218 culpam
947 2137 1031 2218 quod
1055 2143 1171 2221 negant
1195 2141 1248 2222 qui
1273 2142 1340 2204 suis

197 2245 429 2310 adsertionibus
452 2244 662 2308 reuincantur.
694 2262 809 2327 magna
831 2243 937 2324 itaque
966 2243 1079 2308 infidae
1108 2245 1209 2326 plebis
1237 2265 1341 2311 amen-

197 2353 252 2428 tia,
285 2357 321 2416 ut
349 2372 420 2416 cum
449 2351 594 2415 consessa
620 2351 716 2415 fuerit
744 2351 844 2430 solius
873 2351 923 2414 dei
952 2371 1021 2415 esse
1055 2352 1168 2417 donare
1200 2358 1339 2436 peccata.

197 2479 258 2524 uon
282 2458 387 2522 credat
411 2458 469 2522 deo
492 2461 622 2540 peccata
646 2458 783 2522 donanti.
808 2457 953 2522 dominus
978 2464 1083 2522 autem
1103 2460 1211 2526 saluos
1229 2462 1340 2526 uolens

195 2566 297 2630 facere
328 2569 511 2647 peccatores
549 2568 581 2628 et
617 2565 812 2628 occultorum
851 2565 1030 2646 cognitione
1069 2565 1161 2629 deum
1199 2586 1233 2630 se
1270 2586 1340 2633 esso

63 2690 86 2733 a.
104 2688 178 2730 aare
197 2672 394 2737 demonstrat
411 2675 443 2735 et
462 2671 667 2736 admiratione
685 2671 840 2735 factorum
861 2671 1014 2736 adiciens:
1040 2672 1135 2754 quid
1158 2677 1221 2738 est
1243 2675 1339 2738 iaci·
1361 2683 1381 2737 C

197 2779 279 2843 lius
314 2778 465 2842 dicere:
502 2777 684 2842 ‘dimissa
716 2781 809 2842 sunt
844 2777 921 2841 tibi
957 2783 1124 2860 peccata
1162 2781 1240 2844 tua'
1273 2787 1340 2845 aut

76 2899 121 2960 13
197 2885 347 2950 dicere:
386 2891 517 2966 ‘surge
550 2887 589 2948 et
621 2883 813 2950 ambula‘?
846 2904 907 2965 quo
940 2887 1010 2949 loco
1042 2887 1168 2968 plenam
1201 2887 1340 2968 speciem

195 2992 434 3057 resurrectionis
451 2991 599 3068 ostendit,
616 2990 670 3071 qui
684 2992 799 3054 mentia
814 2991 998 3055 uulneribus
1010 2993 1211 3074 corporisque
1222 2995 1340 3058 sanatis

197 3101 327 3182 peccata
350 3097 445 3162 donat
469 3097 655 3174 animorum,
680 3096 876 3160 debilitatem
901 3098 1003 3161 carnis
1026 3099 1179 3172 excludit;
1208 3100 1268 3164 hoc
1292 3105 1341 3164 est

290 3342 321 3394 re
340 3339 353 3394 1
372 3340 441 3393 'nm
462 3341 486 3406 1,
508 3341 539 3393 rs

234 3467 250 3520 :3
270 3464 376 3518 diffidas
395 3467 421 3518 A
441 3471 466 3518 et
485 3471 510 3526 (e
530 3480 563 3518 ex
581 3463 589 3516 i
609 3464 634 3528 ‘dl
653 3464 681 3517 Β
753 3464 882 3517 adhibes*
896 3469 1049 3534 peccatores
1069 3470 1126 3538 (pre
1145 3471 1192 3521 m2
1204 3483 1225 3524 e.
1240 3471 1299 3538 pec)
1314 3471 1340 3522 A

197 3557 214 3608 5
233 3570 286 3607 non
305 3555 393 3624 possit
411 3553 436 3606 L
455 3570 508 3606 non
528 3557 621 3622 posset
639 3554 669 3606 X
780 3554 904 3621 ignoscet
922 3553 954 3606 X
970 3560 994 3608 et
1013 3554 1033 3621 (i
1050 3571 1071 3608 a.
1093 3561 1117 3622 e)
1137 3573 1154 3606 α
1172 3557 1296 3624 ignoscat
1318 3557 1343 3610 T

197 3646 214 3698 6
233 3660 287 3696 non
306 3641 451 3696 debeamus
470 3643 512 3710 X;
532 3641 612 3696 fidem
626 3648 651 3695 et
665 3659 718 3694 nou
738 3649 764 3696 ct
782 3643 905 3696 omittere
925 3659 975 3696 om.
989 3643 1016 3695 B
1070 3644 1127 3696 ueri
1145 3647 1341 3712 (es.im2)1l

232 3733 366 3803 paralitici
389 3731 474 3802 daeg
492 3738 517 3785 et
535 3732 636 3801 (lytici
655 3737 734 3798 corr.)
755 3732 779 3784 V
850 3749 945 3801 eorpus
964 3733 1043 3786 istius
1059 3734 1090 3785 X
1159 3734 1239 3788 istius
1257 3752 1341 3789 noue-

196 3821 281 3875 rinme
300 3837 396 3890 corpus
415 3825 476 3889 (om.
497 3820 646 3886 credemus)
664 3821 691 3872 B
781 3822 797 3873 7
817 3835 875 3873 esse
893 3835 944 3873 orn.
966 3819 990 3872 0
1060 3821 1200 3876 interiores
1219 3823 1266 3890 (-is
1284 3827 1341 3890 m2)

196 3909 494 3978 hornines(·ism2)P
529 3908 715 3979 ildirpossep
770 3908 979 3977 utiqueeumO
1016 3911 1046 3962 ll
1063 3909 1189 3978 operibus
1202 3912 1257 3964 suis
1272 3913 1344 3967 uBC

233 3999 289 4050 suis
307 4005 331 4066 (s
352 3999 401 4050 alt.
420 3999 501 4065 eras.)
519 3998 547 4051 P
621 3996 665 4050 dei
684 3997 756 4050 filius
776 3997 881 4066 accepit
899 3998 1009 4066 (accipit
1028 3997 1110 4062 aee)
1129 3999 1218 4071 ΑαΟχ
1237 4003 1341 4070 accepit

195 4087 309 4156 (accipit
325 4087 363 4152 B)
383 4085 426 4140 dei
446 4087 517 4140 tilius
530 4086 609 4139 PBL
628 4086 699 4138 filius
719 4085 747 4140 dl
766 4087 870 4155 accepit
884 4085 994 4156 (accipit
1012 4086 1048 4154 V)
1063 4088 1093 4140 X
1137 4089 1169 4141 12
1184 4089 1303 4157 requiret
1316 4091 1343 4143 P

199 4177 231 4230 13
251 4175 451 4229 diuinitatisA
508 4177 540 4229 16
559 4174 821 4245 ῐευίηευητυτΒΟχ
873 4177 904 4228 17
925 4192 984 4228 cum
1004 4177 1102 4230 om.P
1152 4177 1184 4230 18
1204 4178 1339 4246 domiuus]

197 4265 309 4320 densat
401 4265 433 4320 19
452 4281 481 4319 se
500 4282 588 4335 emp
677 4265 710 4317 21
730 4269 779 4318 tua
797 4281 847 4318 orn.
866 4263 1023 4318 PuOGLX
1106 4271 1341 4333 auttts.u.)A

196 4355 232 4408 23
251 4355 355 4408 sanatis
373 4356 436 4422 (atis
455 4355 486 4407 in
504 4354 572 4424 ras.)
590 4354 618 4407 P
635 4354 761 4407 sanitatis
780 4353 810 4406 E
826 4354 860 4422 (it
878 4359 948 4421 cap.)
968 4354 1014 4423 γΤ
1066 4357 1101 4408 24
1120 4359 1162 4409 est
1181 4372 1232 4410 om.
1253 4357 1278 4410 G
