<?xml version="1.0" encoding="UTF-8"?>
<!DOCTYPE html PUBLIC "-//W3C//DTD XHTML 1.0 Transitional//EN"
    "http://www.w3.org/TR/xhtml1/DTD/xhtml1-transitional.dtd">
<html xmlns="http://www.w3.org/1999/xhtml" xml:lang="en" lang="en">
 <head>
  <title>
</title>
<meta http-equiv="Content-Type" content="text/html;charset=utf-8" />
  <meta name='ocr-system' content='tesseract 3.04.00' />
  <meta name='ocr-capabilities' content='ocr_page ocr_carea ocr_par ocr_line ocrx_word'/>
</head>
<body>
  <div class='ocr_page' id='page_1' title='image "./expositioevange00schegoog_0271.png"; bbox 0 0 3112 4936; ppageno 0'>
   <div class='ocr_carea' id='block_1_1' title="bbox 252 411 918 480">
    <p class='ocr_par' dir='ltr' id='par_1_1' title="bbox 252 411 918 480">
     <span class='ocr_line' id='line_1_1' title="bbox 252 411 918 480; baseline 0.002 -17"><span class='ocrx_word' id='word_1_1' title='bbox 252 416 316 480; x_wconf 73' lang='lat'>218</span> <span class='ocrx_word' id='word_1_2' title='bbox 721 411 918 465; x_wconf 78' lang='lat' dir='ltr'>Ambrosii</span> 
     </span>
    </p>
   </div>
   <div class='ocr_carea' id='block_1_2' title="bbox 163 605 1486 3566">
    <p class='ocr_par' dir='ltr' id='par_1_2' title="bbox 181 605 1486 2268">
     <span class='ocr_line' id='line_1_2' title="bbox 181 605 1395 691; baseline 0.007 -25"><span class='ocrx_word' id='word_1_3' title='bbox 181 605 223 668; x_wconf 86' lang='lat'>92</span> <span class='ocrx_word' id='word_1_4' title='bbox 248 607 358 672; x_wconf 81' lang='lat' dir='ltr'>audias</span> <span class='ocrx_word' id='word_1_5' title='bbox 379 607 429 672; x_wconf 89' lang='lat' dir='ltr'>dci</span> <span class='ocrx_word' id='word_1_6' title='bbox 448 607 591 672; x_wconf 90' lang='lat' dir='ltr'>uerbum.</span> <span class='ocrx_word' id='word_1_7' title='bbox 612 607 675 670; x_wconf 89' lang='lat' dir='ltr'>atsi</span> <span class='ocrx_word' id='word_1_8' title='bbox 693 625 789 691; x_wconf 86' lang='lat' dir='ltr'>graue</span> <span class='ocrx_word' id='word_1_9' title='bbox 808 610 975 690; x_wconf 88' lang='lat' dir='ltr'>peccatum</span> <span class='ocrx_word' id='word_1_10' title='bbox 995 610 1053 686; x_wconf 86' lang='lat' dir='ltr'>est,</span> <span class='ocrx_word' id='word_1_11' title='bbox 1074 608 1159 691; x_wconf 89' lang='lat' dir='ltr'>quod</span> <span class='ocrx_word' id='word_1_12' title='bbox 1182 609 1395 691; x_wconf 89' lang='lat' dir='ltr'>paenitentiae</span> 
     </span>
     <span class='ocr_line' id='line_1_3' title="bbox 247 713 1486 799; baseline 0.003 -21"><span class='ocrx_word' id='word_1_13' title='bbox 247 718 321 779; x_wconf 88' lang='lat' dir='ltr'>tuae</span> <span class='ocrx_word' id='word_1_14' title='bbox 344 713 484 778; x_wconf 83' lang='lat' dir='ltr'>lacrimis</span> <span class='ocrx_word' id='word_1_15' title='bbox 508 713 577 796; x_wconf 87' lang='lat' dir='ltr'>ipsc</span> <span class='ocrx_word' id='word_1_16' title='bbox 600 714 708 778; x_wconf 86' lang='lat' dir='ltr'>lauare</span> <span class='ocrx_word' id='word_1_17' title='bbox 731 733 791 778; x_wconf 90' lang='lat' dir='ltr'>nou</span> <span class='ocrx_word' id='word_1_18' title='bbox 814 713 929 797; x_wconf 79' lang='lat' dir='ltr'>possis,</span> <span class='ocrx_word' id='word_1_19' title='bbox 954 713 1030 780; x_wconf 88' lang='lat' dir='ltr'>fleat</span> <span class='ocrx_word' id='word_1_20' title='bbox 1051 733 1107 799; x_wconf 92' lang='lat' dir='ltr'>pro</span> <span class='ocrx_word' id='word_1_21' title='bbox 1126 718 1158 780; x_wconf 90' lang='lat' dir='ltr'>te</span> <span class='ocrx_word' id='word_1_22' title='bbox 1177 719 1278 780; x_wconf 88' lang='lat' dir='ltr'>mater</span> <span class='ocrx_word' id='word_1_23' title='bbox 1296 718 1395 782; x_wconf 89' lang='lat' dir='ltr'>eccle·</span> <span class='ocrx_word' id='word_1_24' title='bbox 1464 729 1486 782; x_wconf 84' lang='grc' dir='ltr'>Β</span> 
     </span>
     <span class='ocr_line' id='line_1_4' title="bbox 247 819 1396 905; baseline 0 -19"><span class='ocrx_word' id='word_1_25' title='bbox 247 821 304 898; x_wconf 83' lang='lat' dir='ltr'>sia,</span> <span class='ocrx_word' id='word_1_26' title='bbox 333 839 413 903; x_wconf 86' lang='lat' dir='ltr'>qua-e</span> <span class='ocrx_word' id='word_1_27' title='bbox 440 840 496 905; x_wconf 89' lang='lat' dir='ltr'>pro</span> <span class='ocrx_word' id='word_1_28' title='bbox 525 819 661 904; x_wconf 88' lang='lat' dir='ltr'>siugulis</span> <span class='ocrx_word' id='word_1_29' title='bbox 686 823 847 903; x_wconf 80' lang='lat' dir='ltr'><strong>tamquam</strong></span> <span class='ocrx_word' id='word_1_30' title='bbox 871 840 926 902; x_wconf 85' lang='lat' dir='ltr'>pro</span> <span class='ocrx_word' id='word_1_31' title='bbox 949 821 1053 886; x_wconf 91' lang='lat' dir='ltr'>unicis</span> <span class='ocrx_word' id='word_1_32' title='bbox 1076 820 1151 886; x_wconf 91' lang='lat' dir='ltr'>filiis</span> <span class='ocrx_word' id='word_1_33' title='bbox 1174 821 1273 887; x_wconf 88' lang='lat' dir='ltr'>uidua</span> <span class='ocrx_word' id='word_1_34' title='bbox 1294 827 1396 887; x_wconf 90' lang='lat' dir='ltr'>mater</span> 
     </span>
     <span class='ocr_line' id='line_1_5' title="bbox 245 927 1394 1010; baseline 0.003 -19"><span class='ocrx_word' id='word_1_35' title='bbox 245 927 429 1004; x_wconf 88' lang='lat' dir='ltr'>interuenit;</span> <span class='ocrx_word' id='word_1_36' title='bbox 467 927 646 1010; x_wconf 74' lang='lat' dir='ltr'>conpatitur</span> <span class='ocrx_word' id='word_1_37' title='bbox 678 927 761 991; x_wconf 86' lang='lat' dir='ltr'>enim</span> <span class='ocrx_word' id='word_1_38' title='bbox 790 927 926 1010; x_wconf 88' lang='lat' dir='ltr'>quodam</span> <span class='ocrx_word' id='word_1_39' title='bbox 956 927 1090 1009; x_wconf 86' lang='lat' dir='ltr'>spiritali</span> <span class='ocrx_word' id='word_1_40' title='bbox 1118 927 1225 994; x_wconf 89' lang='lat' dir='ltr'>dolore</span> <span class='ocrx_word' id='word_1_41' title='bbox 1253 932 1394 1004; x_wconf 87' lang='lat' dir='ltr'>naturae,</span> 
     </span>
     <span class='ocr_line' id='line_1_6' title="bbox 246 1033 1440 1119; baseline 0 -21"><span class='ocrx_word' id='word_1_42' title='bbox 246 1052 318 1098; x_wconf 90' lang='lat' dir='ltr'>cum</span> <span class='ocrx_word' id='word_1_43' title='bbox 347 1053 422 1099; x_wconf 87' lang='lat' dir='ltr'>suos</span> <span class='ocrx_word' id='word_1_44' title='bbox 450 1033 567 1098; x_wconf 86' lang='lat' dir='ltr'>liberos</span> <span class='ocrx_word' id='word_1_45' title='bbox 597 1033 749 1098; x_wconf 89' lang='lat' dir='ltr'>letalibus</span> <span class='ocrx_word' id='word_1_46' title='bbox 777 1034 867 1098; x_wconf 91' lang='lat' dir='ltr'>uitiis</span> <span class='ocrx_word' id='word_1_47' title='bbox 896 1033 935 1098; x_wconf 90' lang='lat' dir='ltr'>ad</span> <span class='ocrx_word' id='word_1_48' title='bbox 962 1036 1096 1099; x_wconf 89' lang='lat' dir='ltr'>mortem</span> <span class='ocrx_word' id='word_1_49' title='bbox 1125 1035 1226 1100; x_wconf 90' lang='lat' dir='ltr'>cernit</span> <span class='ocrx_word' id='word_1_50' title='bbox 1255 1035 1394 1119; x_wconf 82' lang='lat' dir='ltr'>urgueri.</span> <span class='ocrx_word' id='word_1_51' title='bbox 1427 1059 1440 1098; x_wconf 79' lang='lat' dir='ltr'>s</span> 
     </span>
     <span class='ocr_line' id='line_1_7' title="bbox 245 1139 1395 1224; baseline 0.002 -20"><span class='ocrx_word' id='word_1_52' title='bbox 245 1141 369 1206; x_wconf 88' lang='lat' dir='ltr'>uiscera</span> <span class='ocrx_word' id='word_1_53' title='bbox 400 1160 512 1206; x_wconf 88' lang='lat' dir='ltr'>sumus</span> <span class='ocrx_word' id='word_1_54' title='bbox 545 1139 583 1205; x_wconf 91' lang='lat' dir='ltr'>de</span> <span class='ocrx_word' id='word_1_55' title='bbox 615 1140 792 1204; x_wconf 86' lang='lat' dir='ltr'>uisceribus</span> <span class='ocrx_word' id='word_1_56' title='bbox 831 1141 913 1214; x_wconf 71' lang='lat' dir='ltr'>cium</span> <span class='ocrx_word' id='word_1_57' title='bbox 948 1143 1024 1206; x_wconf 90' lang='lat' dir='ltr'>sunt</span> <span class='ocrx_word' id='word_1_58' title='bbox 1056 1141 1137 1205; x_wconf 88' lang='lat' dir='ltr'>enim</span> <span class='ocrx_word' id='word_1_59' title='bbox 1169 1145 1201 1206; x_wconf 89' lang='lat' dir='ltr'>et</span> <span class='ocrx_word' id='word_1_60' title='bbox 1239 1141 1395 1224; x_wconf 78' lang='lat' dir='ltr'>spiritalia</span> 
     </span>
     <span class='ocr_line' id='line_1_8' title="bbox 244 1245 1394 1333; baseline 0.003 -23"><span class='ocrx_word' id='word_1_61' title='bbox 244 1247 377 1324; x_wconf 83' lang='lat' dir='ltr'>uiscera,</span> <span class='ocrx_word' id='word_1_62' title='bbox 402 1267 482 1329; x_wconf 88' lang='lat' dir='ltr'>quae</span> <span class='ocrx_word' id='word_1_63' title='bbox 501 1247 597 1312; x_wconf 89' lang='lat' dir='ltr'>habet</span> <span class='ocrx_word' id='word_1_64' title='bbox 614 1246 736 1310; x_wconf 87' lang='lat' dir='ltr'>Paulus</span> <span class='ocrx_word' id='word_1_65' title='bbox 755 1245 878 1310; x_wconf 87' lang='lat' dir='ltr'>diceus:</span> <span class='ocrx_word' id='word_1_66' title='bbox 898 1247 956 1311; x_wconf 87' lang='lat' dir='ltr'>ita</span> <span class='ocrx_word' id='word_1_67' title='bbox 975 1246 1112 1322; x_wconf 84' lang='lat' dir='ltr'>frater,</span> <span class='ocrx_word' id='word_1_68' title='bbox 1133 1267 1203 1333; x_wconf 87' lang='lat' dir='ltr'>ego</span> <span class='ocrx_word' id='word_1_69' title='bbox 1224 1252 1262 1312; x_wconf 91' lang='lat' dir='ltr'>te</span> <span class='ocrx_word' id='word_1_70' title='bbox 1281 1248 1394 1314; x_wconf 82' lang='lat' dir='ltr'>fruar</span> 
     </span>
     <span class='ocr_line' id='line_1_9' title="bbox 242 1353 1392 1439; baseline 0.003 -21"><span class='ocrx_word' id='word_1_71' title='bbox 242 1354 280 1418; x_wconf 89' lang='lat' dir='ltr'>in</span> <span class='ocrx_word' id='word_1_72' title='bbox 305 1354 478 1419; x_wconf 90' lang='lat' dir='ltr'>dominc:</span> <span class='ocrx_word' id='word_1_73' title='bbox 509 1353 636 1418; x_wconf 78' lang='lat' dir='ltr'>retice</span> <span class='ocrx_word' id='word_1_74' title='bbox 660 1354 823 1418; x_wconf 88' lang='lat' dir='ltr'>uiscera</span> <span class='ocrx_word' id='word_1_75' title='bbox 853 1373 934 1418; x_wconf 86' lang='lat' dir='ltr'>mea</span> <span class='ocrx_word' id='word_1_76' title='bbox 962 1353 1000 1418; x_wconf 92' lang='lat' dir='ltr'>in</span> <span class='ocrx_word' id='word_1_77' title='bbox 1025 1353 1201 1420; x_wconf 84' lang='lat' dir='ltr'>Christo.</span> <span class='ocrx_word' id='word_1_78' title='bbox 1229 1373 1286 1419; x_wconf 87' lang='lat' dir='ltr'>uos</span> <span class='ocrx_word' id='word_1_79' title='bbox 1316 1374 1392 1439; x_wconf 87' lang='lat' dir='ltr'>crgo</span> 
     </span>
     <span class='ocr_line' id='line_1_10' title="bbox 242 1459 1393 1544; baseline 0.002 -20"><span class='ocrx_word' id='word_1_80' title='bbox 242 1460 366 1524; x_wconf 87' lang='lat' dir='ltr'>uiscera</span> <span class='ocrx_word' id='word_1_81' title='bbox 385 1460 537 1525; x_wconf 87' lang='lat' dir='ltr'>ecclesiae</span> <span class='ocrx_word' id='word_1_82' title='bbox 556 1479 678 1538; x_wconf 90' lang='lat' dir='ltr'>sumus,</span> <span class='ocrx_word' id='word_1_83' title='bbox 694 1459 841 1542; x_wconf 87' lang='lat' dir='ltr'>quoniam</span> <span class='ocrx_word' id='word_1_84' title='bbox 861 1460 1002 1524; x_wconf 87' lang='lat' dir='ltr'>membra</span> <span class='ocrx_word' id='word_1_85' title='bbox 1022 1479 1133 1525; x_wconf 88' lang='lat' dir='ltr'>sumus</span> <span class='ocrx_word' id='word_1_86' title='bbox 1153 1461 1292 1544; x_wconf 87' lang='lat' dir='ltr'>corporis</span> <span class='ocrx_word' id='word_1_87' title='bbox 1312 1461 1393 1538; x_wconf 85' lang='lat' dir='ltr'>eius,</span> 
     </span>
     <span class='ocr_line' id='line_1_11' title="bbox 242 1563 1484 1650; baseline -0.001 -22"><span class='ocrx_word' id='word_1_88' title='bbox 242 1564 281 1629; x_wconf 91' lang='lat' dir='ltr'>dc</span> <span class='ocrx_word' id='word_1_89' title='bbox 310 1584 400 1630; x_wconf 89' lang='lat' dir='ltr'>came</span> <span class='ocrx_word' id='word_1_90' title='bbox 430 1565 497 1630; x_wconf 90' lang='lat' dir='ltr'>eius</span> <span class='ocrx_word' id='word_1_91' title='bbox 526 1567 558 1629; x_wconf 91' lang='lat' dir='ltr'>et</span> <span class='ocrx_word' id='word_1_92' title='bbox 586 1563 624 1628; x_wconf 93' lang='lat' dir='ltr'>de</span> <span class='ocrx_word' id='word_1_93' title='bbox 657 1563 784 1628; x_wconf 89' lang='lat' dir='ltr'>ossibus</span> <span class='ocrx_word' id='word_1_94' title='bbox 817 1565 896 1629; x_wconf 89' lang='lat' dir='ltr'>eiua.</span> <span class='ocrx_word' id='word_1_95' title='bbox 930 1565 1035 1630; x_wconf 88' lang='lat' dir='ltr'>doleat</span> <span class='ocrx_word' id='word_1_96' title='bbox 1065 1566 1165 1650; x_wconf 88' lang='lat' dir='ltr'>igitur</span> <span class='ocrx_word' id='word_1_97' title='bbox 1196 1567 1250 1650; x_wconf 90' lang='lat' dir='ltr'>pia</span> <span class='ocrx_word' id='word_1_98' title='bbox 1280 1571 1391 1645; x_wconf 81' lang='lat' dir='ltr'>mater,</span> <span class='ocrx_word' id='word_1_99' title='bbox 1411 1573 1484 1630; x_wconf 74' lang='lat'>100</span> 
     </span>
     <span class='ocr_line' id='line_1_12' title="bbox 242 1671 1392 1756; baseline 0.003 -22"><span class='ocrx_word' id='word_1_100' title='bbox 242 1671 378 1736; x_wconf 85' lang='lat' dir='ltr'>adsistat</span> <span class='ocrx_word' id='word_1_101' title='bbox 401 1675 433 1736; x_wconf 89' lang='lat' dir='ltr'>et</span> <span class='ocrx_word' id='word_1_102' title='bbox 455 1671 558 1749; x_wconf 89' lang='lat' dir='ltr'>turba,</span> <span class='ocrx_word' id='word_1_103' title='bbox 586 1691 647 1736; x_wconf 90' lang='lat' dir='ltr'>non</span> <span class='ocrx_word' id='word_1_104' title='bbox 675 1672 778 1736; x_wconf 87' lang='lat' dir='ltr'>solum</span> <span class='ocrx_word' id='word_1_105' title='bbox 807 1672 910 1742; x_wconf 81' lang='lat' dir='ltr'>turba.</span> <span class='ocrx_word' id='word_1_106' title='bbox 940 1671 996 1736; x_wconf 88' lang='lat' dir='ltr'>scd</span> <span class='ocrx_word' id='word_1_107' title='bbox 1025 1673 1120 1737; x_wconf 89' lang='lat' dir='ltr'>ctiam</span> <span class='ocrx_word' id='word_1_108' title='bbox 1148 1674 1251 1738; x_wconf 87' lang='lat' dir='ltr'>multa</span> <span class='ocrx_word' id='word_1_109' title='bbox 1279 1691 1392 1756; x_wconf 88' lang='lat' dir='ltr'>conpa-</span> 
     </span>
     <span class='ocr_line' id='line_1_13' title="bbox 240 1777 1391 1861; baseline 0.001 -19"><span class='ocrx_word' id='word_1_110' title='bbox 240 1779 340 1842; x_wconf 88' lang='lat' dir='ltr'>tiatur</span> <span class='ocrx_word' id='word_1_111' title='bbox 363 1777 463 1842; x_wconf 90' lang='lat' dir='ltr'>bonae</span> <span class='ocrx_word' id='word_1_112' title='bbox 485 1778 618 1860; x_wconf 89' lang='lat' dir='ltr'>parenti.</span> <span class='ocrx_word' id='word_1_113' title='bbox 646 1777 708 1842; x_wconf 88' lang='lat' dir='ltr'>iam</span> <span class='ocrx_word' id='word_1_114' title='bbox 735 1797 883 1861; x_wconf 86' lang='lat' dir='ltr'>resurges</span> <span class='ocrx_word' id='word_1_115' title='bbox 910 1779 942 1842; x_wconf 92' lang='lat' dir='ltr'>in</span> <span class='ocrx_word' id='word_1_116' title='bbox 970 1779 1089 1855; x_wconf 81' lang='lat' dir='ltr'>funere,</span> <span class='ocrx_word' id='word_1_117' title='bbox 1116 1779 1180 1844; x_wconf 85' lang='lat' dir='ltr'>iam</span> <span class='ocrx_word' id='word_1_118' title='bbox 1207 1779 1391 1846; x_wconf 79' lang='lat' dir='ltr'>liberaberis</span> 
     </span>
     <span class='ocr_line' id='line_1_14' title="bbox 241 1883 1392 1968; baseline 0.003 -21"><span class='ocrx_word' id='word_1_119' title='bbox 241 1901 259 1947; x_wconf 92' lang='lat' dir='ltr'>a</span> <span class='ocrx_word' id='word_1_120' title='bbox 289 1883 472 1966; x_wconf 80' lang='lat' dir='ltr'>sepulchr03</span> <span class='ocrx_word' id='word_1_121' title='bbox 502 1883 633 1948; x_wconf 86' lang='lat' dir='ltr'>stabunt</span> <span class='ocrx_word' id='word_1_122' title='bbox 659 1884 708 1948; x_wconf 91' lang='lat' dir='ltr'>illi</span> <span class='ocrx_word' id='word_1_123' title='bbox 733 1884 870 1949; x_wconf 90' lang='lat' dir='ltr'>ministri</span> <span class='ocrx_word' id='word_1_124' title='bbox 892 1885 941 1949; x_wconf 91' lang='lat' dir='ltr'>tui</span> <span class='ocrx_word' id='word_1_125' title='bbox 964 1885 1094 1960; x_wconf 84' lang='lat' dir='ltr'>funeris,</span> <span class='ocrx_word' id='word_1_126' title='bbox 1122 1885 1255 1968; x_wconf 88' lang='lat' dir='ltr'>incipies</span> <span class='ocrx_word' id='word_1_127' title='bbox 1278 1886 1392 1950; x_wconf 87' lang='lat' dir='ltr'>uitalia</span> 
     </span>
     <span class='ocr_line' id='line_1_15' title="bbox 238 1981 1390 2076; baseline 0.004 -24"><span class='ocrx_word' id='word_1_128' title='bbox 238 1989 338 2071; x_wconf 84' lang='lat' dir='ltr'>loqui.</span> <span class='ocrx_word' id='word_1_129' title='bbox 358 1981 517 2054; x_wconf 86' lang='lat' dir='ltr'>timebunt</span> <span class='ocrx_word' id='word_1_130' title='bbox 531 2008 656 2064; x_wconf 65' lang='lat' dir='ltr'>omnem</span> <span class='ocrx_word' id='word_1_131' title='bbox 678 1990 769 2054; x_wconf 92' lang='lat' dir='ltr'>unius</span> <span class='ocrx_word' id='word_1_132' title='bbox 786 1990 868 2054; x_wconf 92' lang='lat' dir='ltr'>enim</span> <span class='ocrx_word' id='word_1_133' title='bbox 883 1991 1024 2075; x_wconf 84' lang='lat' dir='ltr'>exemplo</span> <span class='ocrx_word' id='word_1_134' title='bbox 1039 1991 1167 2076; x_wconf 89' lang='lat' dir='ltr'>plurimi</span> <span class='ocrx_word' id='word_1_135' title='bbox 1186 1992 1390 2076; x_wconf 84' lang='lat' dir='ltr'>corrigentur.</span> 
     </span>
     <span class='ocr_line' id='line_1_16' title="bbox 237 2095 1434 2178; baseline 0 -18"><span class='ocrx_word' id='word_1_136' title='bbox 237 2095 415 2160; x_wconf 89' lang='lat' dir='ltr'>laudabunt</span> <span class='ocrx_word' id='word_1_137' title='bbox 432 2097 528 2161; x_wconf 87' lang='lat' dir='ltr'>ctiam</span> <span class='ocrx_word' id='word_1_138' title='bbox 548 2095 652 2176; x_wconf 89' lang='lat' dir='ltr'>deum,</span> <span class='ocrx_word' id='word_1_139' title='bbox 673 2097 727 2178; x_wconf 92' lang='lat' dir='ltr'>qui</span> <span class='ocrx_word' id='word_1_140' title='bbox 746 2100 835 2162; x_wconf 88' lang='lat' dir='ltr'>tauta</span> <span class='ocrx_word' id='word_1_141' title='bbox 853 2097 943 2163; x_wconf 88' lang='lat' dir='ltr'>nobis</span> <span class='ocrx_word' id='word_1_142' title='bbox 962 2098 1100 2164; x_wconf 87' lang='lat' dir='ltr'>remedia</span> <span class='ocrx_word' id='word_1_143' title='bbox 1117 2099 1263 2164; x_wconf 86' lang='lat' dir='ltr'>uitandae</span> <span class='ocrx_word' id='word_1_144' title='bbox 1277 2098 1389 2164; x_wconf 82' lang='lat' dir='ltr'>mortis</span> <span class='ocrx_word' id='word_1_145' title='bbox 1408 2122 1434 2161; x_wconf 77' lang='lat' dir='ltr'>rs</span> 
     </span>
     <span class='ocr_line' id='line_1_17' title="bbox 237 2202 935 2268; baseline 0 -3"><span class='ocrx_word' id='word_1_146' title='bbox 237 2202 415 2268; x_wconf 87' lang='lat' dir='ltr'>indulserit.</span> <span class='ocrx_word' id='word_1_147' title='bbox 933 2260 935 2265; x_wconf 88' lang='lat'><em>.</em></span> 
     </span>
    </p>

    <p class='ocr_par' dir='ltr' id='par_1_3' title="bbox 163 2309 1388 2499">
     <span class='ocr_line' id='line_1_18' title="bbox 163 2309 1388 2392; baseline 0.002 -19"><span class='ocrx_word' id='word_1_148' title='bbox 163 2330 224 2385; x_wconf 71' lang='lat' dir='ltr'>arc</span> <span class='ocrx_word' id='word_1_149' title='bbox 283 2310 331 2374; x_wconf 78' lang='lat' dir='ltr'>lit</span> <span class='ocrx_word' id='word_1_150' title='bbox 354 2309 602 2374; x_wconf 87' lang='lat' dir='ltr'>conuocauit</span> <span class='ocrx_word' id='word_1_151' title='bbox 625 2309 724 2375; x_wconf 87' lang='lat' dir='ltr'>duos</span> <span class='ocrx_word' id='word_1_152' title='bbox 749 2310 794 2374; x_wconf 94' lang='lat' dir='ltr'>de</span> <span class='ocrx_word' id='word_1_153' title='bbox 820 2310 1044 2392; x_wconf 87' lang='lat' dir='ltr'>discipulis</span> <span class='ocrx_word' id='word_1_154' title='bbox 1074 2311 1161 2376; x_wconf 90' lang='lat' dir='ltr'>suis</span> <span class='ocrx_word' id='word_1_155' title='bbox 1184 2311 1388 2376; x_wconf 88' lang='lat' dir='ltr'>Iohannes</span> 
     </span>
     <span class='ocr_line' id='line_1_19' title="bbox 238 2416 1386 2499; baseline 0.003 -20"><span class='ocrx_word' id='word_1_156' title='bbox 238 2419 277 2480; x_wconf 89' lang='lat' dir='ltr'>et</span> <span class='ocrx_word' id='word_1_157' title='bbox 304 2417 419 2480; x_wconf 91' lang='lat' dir='ltr'>misit</span> <span class='ocrx_word' id='word_1_158' title='bbox 447 2416 492 2480; x_wconf 89' lang='lat' dir='ltr'>ad</span> <span class='ocrx_word' id='word_1_159' title='bbox 521 2435 605 2481; x_wconf 89' lang='lat' dir='ltr'>curn</span> <span class='ocrx_word' id='word_1_160' title='bbox 635 2416 787 2480; x_wconf 89' lang='lat' dir='ltr'>dicens:</span> <span class='ocrx_word' id='word_1_161' title='bbox 817 2421 860 2480; x_wconf 92' lang='lat' dir='ltr'>tu</span> <span class='ocrx_word' id='word_1_162' title='bbox 888 2436 928 2482; x_wconf 90' lang='lat' dir='ltr'>es</span> <span class='ocrx_word' id='word_1_163' title='bbox 953 2417 1019 2499; x_wconf 87' lang='lat' dir='ltr'>qui</span> <span class='ocrx_word' id='word_1_164' title='bbox 1048 2420 1250 2482; x_wconf 83' lang='lat' dir='ltr'>uenturus</span> <span class='ocrx_word' id='word_1_165' title='bbox 1277 2436 1316 2482; x_wconf 89' lang='lat' dir='ltr'>cs</span> <span class='ocrx_word' id='word_1_166' title='bbox 1341 2436 1386 2482; x_wconf 92' lang='lat' dir='ltr'>an</span> 
     </span>
    </p>

    <p class='ocr_par' dir='ltr' id='par_1_4' title="bbox 171 2522 1476 3566">
     <span class='ocr_line' id='line_1_20' title="bbox 171 2522 1476 2607; baseline -0.001 -22"><span class='ocrx_word' id='word_1_167' title='bbox 171 2522 213 2585; x_wconf 85' lang='grc'>93</span> <span class='ocrx_word' id='word_1_168' title='bbox 238 2522 360 2586; x_wconf 91' lang='lat' dir='ltr'>alium</span> <span class='ocrx_word' id='word_1_169' title='bbox 380 2526 686 2604; x_wconf 82' lang='lat' dir='ltr'>exspectamus?</span> <span class='ocrx_word' id='word_1_170' title='bbox 705 2543 765 2586; x_wconf 91' lang='lat' dir='ltr'>non</span> <span class='ocrx_word' id='word_1_171' title='bbox 781 2523 913 2606; x_wconf 86' lang='lat' dir='ltr'>simplex</span> <span class='ocrx_word' id='word_1_172' title='bbox 933 2523 1114 2588; x_wconf 86' lang='lat' dir='ltr'>intellectus</span> <span class='ocrx_word' id='word_1_173' title='bbox 1133 2524 1164 2588; x_wconf 90' lang='lat' dir='ltr'>in</span> <span class='ocrx_word' id='word_1_174' title='bbox 1185 2523 1386 2607; x_wconf 83' lang='lat' dir='ltr'>simplicibus</span> <span class='ocrx_word' id='word_1_175' title='bbox 1453 2532 1476 2584; x_wconf 83' lang='lat' dir='ltr'>D</span> 
     </span>
     <span class='ocr_line' id='line_1_21' title="bbox 237 2629 1432 2715; baseline 0.002 -23"><span class='ocrx_word' id='word_1_176' title='bbox 237 2632 287 2694; x_wconf 91' lang='lat' dir='ltr'>cst</span> <span class='ocrx_word' id='word_1_177' title='bbox 313 2629 431 2708; x_wconf 79' lang='lat' dir='ltr'>uerbis,</span> <span class='ocrx_word' id='word_1_178' title='bbox 461 2629 599 2710; x_wconf 90' lang='lat' dir='ltr'>alioquin</span> <span class='ocrx_word' id='word_1_179' title='bbox 629 2629 847 2712; x_wconf 90' lang='lat' dir='ltr'>praesentibus</span> <span class='ocrx_word' id='word_1_180' title='bbox 876 2629 1037 2712; x_wconf 88' lang='lat' dir='ltr'>superiora</span> <span class='ocrx_word' id='word_1_181' title='bbox 1064 2635 1275 2715; x_wconf 82' lang='lat' dir='ltr'>conpugnant.</span> <span class='ocrx_word' id='word_1_182' title='bbox 1309 2649 1386 2712; x_wconf 88' lang='lat' dir='ltr'>quc·</span> <span class='ocrx_word' id='word_1_183' title='bbox 1405 2655 1432 2694; x_wconf 79' lang='lat' dir='ltr'>ac</span> 
     </span>
     <span class='ocr_line' id='line_1_22' title="bbox 236 2735 1386 2820; baseline 0.003 -22"><span class='ocrx_word' id='word_1_184' title='bbox 236 2735 329 2800; x_wconf 88' lang='lat' dir='ltr'>modo</span> <span class='ocrx_word' id='word_1_185' title='bbox 355 2735 437 2800; x_wconf 90' lang='lat' dir='ltr'>enim</span> <span class='ocrx_word' id='word_1_186' title='bbox 460 2737 615 2800; x_wconf 85' lang='lat' dir='ltr'>lohannes</span> <span class='ocrx_word' id='word_1_187' title='bbox 639 2754 734 2817; x_wconf 89' lang='lat' dir='ltr'>quem</span> <span class='ocrx_word' id='word_1_188' title='bbox 758 2736 789 2800; x_wconf 93' lang='lat' dir='ltr'>in</span> <span class='ocrx_word' id='word_1_189' title='bbox 814 2736 1030 2819; x_wconf 87' lang='lat' dir='ltr'>superioribus</span> <span class='ocrx_word' id='word_1_190' title='bbox 1057 2736 1113 2802; x_wconf 88' lang='lat' dir='ltr'>deo</span> <span class='ocrx_word' id='word_1_191' title='bbox 1142 2740 1230 2820; x_wconf 87' lang='lat' dir='ltr'>patre</span> <span class='ocrx_word' id='word_1_192' title='bbox 1258 2737 1386 2802; x_wconf 87' lang='lat' dir='ltr'>demon-</span> 
     </span>
     <span class='ocr_line' id='line_1_23' title="bbox 237 2842 1384 2926; baseline 0.003 -21"><span class='ocrx_word' id='word_1_193' title='bbox 237 2843 355 2905; x_wconf 91' lang='lat' dir='ltr'>strante</span> <span class='ocrx_word' id='word_1_194' title='bbox 384 2843 536 2924; x_wconf 86' lang='lat' dir='ltr'>cognouit</span> <span class='ocrx_word' id='word_1_195' title='bbox 563 2842 614 2906; x_wconf 91' lang='lat' dir='ltr'>hic</span> <span class='ocrx_word' id='word_1_196' title='bbox 642 2842 764 2907; x_wconf 80' lang='lat' dir='ltr'>nescit?</span> <span class='ocrx_word' id='word_1_197' title='bbox 794 2844 950 2924; x_wconf 88' lang='lat' dir='ltr'>quomodo</span> <span class='ocrx_word' id='word_1_198' title='bbox 979 2847 1010 2907; x_wconf 89' lang='lat' dir='ltr'>et</span> <span class='ocrx_word' id='word_1_199' title='bbox 1039 2843 1082 2907; x_wconf 90' lang='lat' dir='ltr'>ibi</span> <span class='ocrx_word' id='word_1_200' title='bbox 1111 2863 1203 2926; x_wconf 88' lang='lat' dir='ltr'>quem</span> <span class='ocrx_word' id='word_1_201' title='bbox 1233 2847 1305 2908; x_wconf 88' lang='lat' dir='ltr'>ante</span> <span class='ocrx_word' id='word_1_202' title='bbox 1332 2863 1384 2908; x_wconf 88' lang='lat' dir='ltr'>ne·</span> 
     </span>
     <span class='ocr_line' id='line_1_24' title="bbox 237 2947 1384 3034; baseline 0.003 -23"><span class='ocrx_word' id='word_1_203' title='bbox 237 2947 333 3012; x_wconf 91' lang='lat' dir='ltr'>sciuit</span> <span class='ocrx_word' id='word_1_204' title='bbox 360 2949 490 3030; x_wconf 85' lang='lat' dir='ltr'>agnouit</span> <span class='ocrx_word' id='word_1_205' title='bbox 514 2949 620 3012; x_wconf 90' lang='lat' dir='ltr'>ethic</span> <span class='ocrx_word' id='word_1_206' title='bbox 644 2968 737 3031; x_wconf 86' lang='lat' dir='ltr'>quem</span> <span class='ocrx_word' id='word_1_207' title='bbox 765 2950 827 3013; x_wconf 89' lang='lat' dir='ltr'>iam</span> <span class='ocrx_word' id='word_1_208' title='bbox 857 2950 977 3014; x_wconf 86' lang='lat' dir='ltr'>sciebat</span> <span class='ocrx_word' id='word_1_209' title='bbox 1003 2951 1151 3034; x_wconf 83' lang='lat' dir='ltr'>ignorat?</span> <span class='ocrx_word' id='word_1_210' title='bbox 1179 2951 1384 3016; x_wconf 90' lang='lat' dir='ltr'>nescibam</span> 
     </span>
     <span class='ocr_line' id='line_1_25' title="bbox 235 3053 1383 3142; baseline 0.004 -25"><span class='ocrx_word' id='word_1_211' title='bbox 235 3053 339 3136; x_wconf 89' lang='lat' dir='ltr'>inquit</span> <span class='ocrx_word' id='word_1_212' title='bbox 368 3073 462 3132; x_wconf 86' lang='lat' dir='ltr'>eum,</span> <span class='ocrx_word' id='word_1_213' title='bbox 492 3055 561 3120; x_wconf 85' lang='lat' dir='ltr'>sed</span> <span class='ocrx_word' id='word_1_214' title='bbox 593 3057 661 3136; x_wconf 85' lang='lat' dir='ltr'>qui</span> <span class='ocrx_word' id='word_1_215' title='bbox 693 3056 808 3120; x_wconf 91' lang='lat' dir='ltr'>misit</span> <span class='ocrx_word' id='word_1_216' title='bbox 839 3076 897 3121; x_wconf 91' lang='lat' dir='ltr'>me</span> <span class='ocrx_word' id='word_1_217' title='bbox 927 3058 1138 3138; x_wconf 88' lang='lat' dir='ltr'>baptizare</span> <span class='ocrx_word' id='word_1_218' title='bbox 1167 3059 1255 3142; x_wconf 87' lang='lat' dir='ltr'>ipse</span> <span class='ocrx_word' id='word_1_219' title='bbox 1283 3058 1383 3122; x_wconf 90' lang='lat' dir='ltr'>mihi</span> 
     </span>
     <span class='ocr_line' id='line_1_26' title="bbox 235 3159 1475 3247; baseline 0 -23"><span class='ocrx_word' id='word_1_220' title='bbox 235 3159 352 3224; x_wconf 83' lang='lat' dir='ltr'>dixit:</span> <span class='ocrx_word' id='word_1_221' title='bbox 375 3179 495 3243; x_wconf 89' lang='lat' dir='ltr'>supra</span> <span class='ocrx_word' id='word_1_222' title='bbox 515 3181 627 3244; x_wconf 89' lang='lat' dir='ltr'>quem</span> <span class='ocrx_word' id='word_1_223' title='bbox 644 3163 799 3228; x_wconf 88' lang='lat' dir='ltr'>uideris</span> <span class='ocrx_word' id='word_1_224' title='bbox 816 3165 1198 3247; x_wconf 86' lang='lat' dir='ltr'>spiritumsauctum</span> <span class='ocrx_word' id='word_1_225' title='bbox 1220 3165 1382 3230; x_wconf 89' lang='lat' dir='ltr'>descen·</span> <span class='ocrx_word' id='word_1_226' title='bbox 1401 3173 1475 3226; x_wconf 75' lang='lat' dir='ltr'>ssu</span> 
     </span>
     <span class='ocr_line' id='line_1_27' title="bbox 235 3267 1384 3355; baseline 0.005 -25"><span class='ocrx_word' id='word_1_227' title='bbox 235 3267 393 3330; x_wconf 89' lang='lat' dir='ltr'>dentem</span> <span class='ocrx_word' id='word_1_228' title='bbox 413 3267 457 3330; x_wconf 91' lang='lat' dir='ltr'>de</span> <span class='ocrx_word' id='word_1_229' title='bbox 477 3269 600 3334; x_wconf 87' lang='lat' dir='ltr'>caelo.</span> <span class='ocrx_word' id='word_1_230' title='bbox 622 3272 654 3333; x_wconf 89' lang='lat' dir='ltr'>et</span> <span class='ocrx_word' id='word_1_231' title='bbox 672 3269 756 3334; x_wconf 90' lang='lat' dir='ltr'>dicto</span> <span class='ocrx_word' id='word_1_232' title='bbox 778 3271 912 3335; x_wconf 90' lang='lat' dir='ltr'>credidit</span> <span class='ocrx_word' id='word_1_233' title='bbox 931 3275 963 3335; x_wconf 91' lang='lat' dir='ltr'>et</span> <span class='ocrx_word' id='word_1_234' title='bbox 982 3271 1233 3336; x_wconf 83' lang='lat' dir='ltr'>demonstratum</span> <span class='ocrx_word' id='word_1_235' title='bbox 1251 3272 1384 3355; x_wconf 84' lang='lat' dir='ltr'>agnouit</span> 
     </span>
     <span class='ocr_line' id='line_1_28' title="bbox 235 3374 1381 3461; baseline 0.004 -23"><span class='ocrx_word' id='word_1_236' title='bbox 235 3378 267 3438; x_wconf 90' lang='lat' dir='ltr'>et</span> <span class='ocrx_word' id='word_1_237' title='bbox 284 3374 480 3456; x_wconf 82' lang='lat' dir='ltr'>baptizatum</span> <span class='ocrx_word' id='word_1_238' title='bbox 504 3375 648 3440; x_wconf 89' lang='lat' dir='ltr'>adorauit</span> <span class='ocrx_word' id='word_1_239' title='bbox 666 3381 698 3440; x_wconf 89' lang='lat' dir='ltr'>et</span> <span class='ocrx_word' id='word_1_240' title='bbox 717 3378 897 3442; x_wconf 87' lang='lat' dir='ltr'>uenientem</span> <span class='ocrx_word' id='word_1_241' title='bbox 916 3377 1130 3460; x_wconf 88' lang='lat' dir='ltr'>prophetauit.</span> <span class='ocrx_word' id='word_1_242' title='bbox 1154 3377 1288 3460; x_wconf 88' lang='lat' dir='ltr'>denique</span> <span class='ocrx_word' id='word_1_243' title='bbox 1309 3397 1381 3461; x_wconf 87' lang='lat' dir='ltr'>ego</span> 
     </span>
     <span class='ocr_line' id='line_1_29' title="bbox 233 3479 1382 3566; baseline 0.005 -23"><span class='ocrx_word' id='word_1_244' title='bbox 233 3479 337 3562; x_wconf 91' lang='lat' dir='ltr'>inquit</span> <span class='ocrx_word' id='word_1_245' title='bbox 368 3483 455 3546; x_wconf 94' lang='lat' dir='ltr'>uidi</span> <span class='ocrx_word' id='word_1_246' title='bbox 489 3487 529 3546; x_wconf 91' lang='lat' dir='ltr'>et</span> <span class='ocrx_word' id='word_1_247' title='bbox 560 3483 842 3548; x_wconf 88' lang='lat' dir='ltr'>testimonium</span> <span class='ocrx_word' id='word_1_248' title='bbox 881 3483 1071 3566; x_wconf 87' lang='lat' dir='ltr'>perhibui</span> <span class='ocrx_word' id='word_1_249' title='bbox 1101 3485 1287 3566; x_wconf 86' lang='lat' dir='ltr'>quoniam</span> <span class='ocrx_word' id='word_1_250' title='bbox 1316 3485 1382 3549; x_wconf 80' lang='lat' dir='ltr'>liic</span> 
     </span>
    </p>
   </div>
   <div class='ocr_carea' id='block_1_3' title="bbox 234 3743 1379 3898">
    <p class='ocr_par' dir='ltr' id='par_1_5' title="bbox 234 3743 1379 3898">
     <span class='ocr_line' id='line_1_30' title="bbox 324 3743 1379 3816; baseline 0.005 -20"><span class='ocrx_word' id='word_1_251' title='bbox 324 3745 338 3796; x_wconf 82' lang='lat'><strong>7</strong></span> <span class='ocrx_word' id='word_1_252' title='bbox 358 3743 473 3798; x_wconf 83' lang='lat' dir='ltr'>Philam.</span> <span class='ocrx_word' id='word_1_253' title='bbox 494 3745 528 3798; x_wconf 78' lang='lat'>&#39;20</span> <span class='ocrx_word' id='word_1_254' title='bbox 601 3747 616 3798; x_wconf 85' lang='lat'>9</span> <span class='ocrx_word' id='word_1_255' title='bbox 635 3746 736 3816; x_wconf 83' lang='lat' dir='ltr'>Ephes.</span> <span class='ocrx_word' id='word_1_256' title='bbox 756 3749 782 3814; x_wconf 81' lang='lat'>5,</span> <span class='ocrx_word' id='word_1_257' title='bbox 802 3747 850 3808; x_wconf 82' lang='lat'>30;</span> <span class='ocrx_word' id='word_1_258' title='bbox 871 3747 904 3800; x_wconf 84' lang='lat' dir='ltr'>cl.</span> <span class='ocrx_word' id='word_1_259' title='bbox 924 3745 990 3802; x_wconf 89' lang='lat' dir='ltr'>Gen.</span> <span class='ocrx_word' id='word_1_260' title='bbox 1010 3749 1036 3809; x_wconf 83' lang='lat'>2,</span> <span class='ocrx_word' id='word_1_261' title='bbox 1055 3747 1089 3800; x_wconf 88' lang='grc'>23</span> <span class='ocrx_word' id='word_1_262' title='bbox 1167 3748 1201 3800; x_wconf 80' lang='grc'>23</span> <span class='ocrx_word' id='word_1_263' title='bbox 1219 3746 1278 3800; x_wconf 89' lang='lat' dir='ltr'>Ich.</span> <span class='ocrx_word' id='word_1_264' title='bbox 1301 3749 1324 3808; x_wconf 81' lang='lat'>1,</span> <span class='ocrx_word' id='word_1_265' title='bbox 1344 3747 1379 3801; x_wconf 87' lang='grc'>33</span> 
     </span>
     <span class='ocr_line' id='line_1_31' title="bbox 234 3830 446 3898; baseline 0.009 -14"><span class='ocrx_word' id='word_1_266' title='bbox 234 3833 266 3884; x_wconf 82' lang='lat'>27</span> <span class='ocrx_word' id='word_1_267' title='bbox 287 3830 344 3884; x_wconf 88' lang='lat' dir='ltr'>lob.</span> <span class='ocrx_word' id='word_1_268' title='bbox 367 3834 391 3898; x_wconf 86' lang='lat'>1,</span> <span class='ocrx_word' id='word_1_269' title='bbox 413 3833 446 3886; x_wconf 82' lang='lat'>34</span> 
     </span>
    </p>
   </div>
   <div class='ocr_carea' id='block_1_4' title="bbox 230 3961 1380 4378">
    <p class='ocr_par' dir='ltr' id='par_1_6' title="bbox 230 3961 1380 4378">
     <span class='ocr_line' id='line_1_32' title="bbox 269 3961 1380 4048; baseline 0.007 -24"><span class='ocrx_word' id='word_1_270' title='bbox 269 3973 281 4025; x_wconf 93' lang='lat'>1</span> <span class='ocrx_word' id='word_1_271' title='bbox 302 3961 349 4025; x_wconf 87' lang='lat' dir='ltr'>dni</span> <span class='ocrx_word' id='word_1_272' title='bbox 367 3972 426 4026; x_wconf 83' lang='lat' dir='ltr'>ET</span> <span class='ocrx_word' id='word_1_273' title='bbox 503 3975 519 4027; x_wconf 88' lang='lat'>3</span> <span class='ocrx_word' id='word_1_274' title='bbox 540 3975 637 4043; x_wconf 76' lang='lat' dir='ltr'>unicisl</span> <span class='ocrx_word' id='word_1_275' title='bbox 658 3975 736 4043; x_wconf 84' lang='lat' dir='ltr'>uagis</span> <span class='ocrx_word' id='word_1_276' title='bbox 755 3975 806 4030; x_wconf 88' lang='lat' dir='ltr'>PL</span> <span class='ocrx_word' id='word_1_277' title='bbox 887 3977 1136 4048; x_wconf 70' lang='lat' dir='ltr'>tacuissemus]</span> <span class='ocrx_word' id='word_1_278' title='bbox 1158 3979 1185 4032; x_wconf 89' lang='lat' dir='ltr'>dl</span> <span class='ocrx_word' id='word_1_279' title='bbox 1204 3979 1307 4032; x_wconf 87' lang='lat' dir='ltr'>uiscera</span> <span class='ocrx_word' id='word_1_280' title='bbox 1325 3978 1380 4032; x_wconf 86' lang='lat' dir='ltr'>PL</span> 
     </span>
     <span class='ocr_line' id='line_1_33' title="bbox 267 4059 1379 4132; baseline 0.008 -20"><span class='ocrx_word' id='word_1_281' title='bbox 267 4059 324 4124; x_wconf 78' lang='lat' dir='ltr'>eius</span> <span class='ocrx_word' id='word_1_282' title='bbox 345 4065 377 4126; x_wconf 86' lang='lat' dir='ltr'>(a.</span> <span class='ocrx_word' id='word_1_283' title='bbox 396 4063 444 4112; x_wconf 87' lang='lat' dir='ltr'>m3</span> <span class='ocrx_word' id='word_1_284' title='bbox 463 4061 603 4128; x_wconf 85' lang='lat' dir='ltr'>ccclesiae)</span> <span class='ocrx_word' id='word_1_285' title='bbox 621 4061 673 4114; x_wconf 86' lang='lat' dir='ltr'>PL</span> <span class='ocrx_word' id='word_1_286' title='bbox 739 4064 769 4115; x_wconf 94' lang='lat' dir='ltr'>ll</span> <span class='ocrx_word' id='word_1_287' title='bbox 791 4067 819 4116; x_wconf 90' lang='lat' dir='ltr'>et</span> <span class='ocrx_word' id='word_1_288' title='bbox 837 4064 878 4120; x_wconf 80' lang='lat' dir='ltr'>lia</span> <span class='ocrx_word' id='word_1_289' title='bbox 896 4080 951 4118; x_wconf 78' lang='lat' dir='ltr'>ras.</span> <span class='ocrx_word' id='word_1_290' title='bbox 972 4081 1004 4118; x_wconf 77' lang='lat' dir='ltr'>cx</span> <span class='ocrx_word' id='word_1_291' title='bbox 1023 4064 1067 4130; x_wconf 88' lang='lat' dir='ltr'>ad)</span> <span class='ocrx_word' id='word_1_292' title='bbox 1088 4065 1122 4132; x_wconf 84' lang='lat' dir='ltr'>G,</span> <span class='ocrx_word' id='word_1_293' title='bbox 1142 4083 1192 4120; x_wconf 86' lang='lat' dir='ltr'>om.</span> <span class='ocrx_word' id='word_1_294' title='bbox 1213 4067 1244 4118; x_wconf 84' lang='lat' dir='ltr'><em>X</em></span> <span class='ocrx_word' id='word_1_295' title='bbox 1298 4067 1330 4120; x_wconf 79' lang='lat'>12</span> <span class='ocrx_word' id='word_1_296' title='bbox 1350 4067 1379 4131; x_wconf 81' lang='lat' dir='ltr'>ip</span> 
     </span>
     <span class='ocr_line' id='line_1_34' title="bbox 230 4148 1378 4220; baseline 0.007 -19"><span class='ocrx_word' id='word_1_297' title='bbox 230 4151 262 4212; x_wconf 86' lang='lat' dir='ltr'>(a</span> <span class='ocrx_word' id='word_1_298' title='bbox 282 4148 353 4216; x_wconf 78' lang='lat' dir='ltr'>alo</span> <span class='ocrx_word' id='word_1_299' title='bbox 409 4149 440 4202; x_wconf 80' lang='lat'>17</span> <span class='ocrx_word' id='word_1_300' title='bbox 460 4149 584 4202; x_wconf 88' lang='lat' dir='ltr'>iohannis</span> <span class='ocrx_word' id='word_1_301' title='bbox 604 4153 656 4216; x_wconf 88' lang='lat' dir='ltr'>(·es</span> <span class='ocrx_word' id='word_1_302' title='bbox 676 4151 733 4216; x_wconf 71' lang='lat' dir='ltr'>md)</span> <span class='ocrx_word' id='word_1_303' title='bbox 752 4151 779 4202; x_wconf 91' lang='lat' dir='ltr'><em>P</em></span> <span class='ocrx_word' id='word_1_304' title='bbox 833 4152 866 4205; x_wconf 84' lang='lat'>23</span> <span class='ocrx_word' id='word_1_305' title='bbox 887 4169 965 4220; x_wconf 89' lang='lat' dir='ltr'>quem</span> <span class='ocrx_word' id='word_1_306' title='bbox 986 4157 1048 4206; x_wconf 91' lang='lat' dir='ltr'>ante</span> <span class='ocrx_word' id='word_1_307' title='bbox 1067 4155 1119 4207; x_wconf 88' lang='lat' dir='ltr'>iam</span> <span class='ocrx_word' id='word_1_308' title='bbox 1139 4155 1171 4208; x_wconf 87' lang='lat' dir='ltr'><em>X</em></span> <span class='ocrx_word' id='word_1_309' title='bbox 1241 4155 1378 4209; x_wconf 86' lang='lat' dir='ltr'>nescibam</span> 
     </span>
     <span class='ocr_line' id='line_1_35' title="bbox 230 4235 1379 4310; baseline 0.008 -21"><span class='ocrx_word' id='word_1_310' title='bbox 230 4236 316 4289; x_wconf 85' lang='lat' dir='ltr'>Pml</span> <span class='ocrx_word' id='word_1_311' title='bbox 335 4235 488 4290; x_wconf 82' lang='lat' dir='ltr'>nesciebam</span> <span class='ocrx_word' id='word_1_312' title='bbox 509 4237 598 4290; x_wconf 64' lang='lat' dir='ltr'>Pana</span> <span class='ocrx_word' id='word_1_313' title='bbox 617 4246 663 4292; x_wconf 87' lang='lat' dir='ltr'>ecl.</span> <span class='ocrx_word' id='word_1_314' title='bbox 733 4239 767 4292; x_wconf 75' lang='grc'>25</span> <span class='ocrx_word' id='word_1_315' title='bbox 787 4243 908 4293; x_wconf 85' lang='lat' dir='ltr'>sanctum</span> <span class='ocrx_word' id='word_1_316' title='bbox 928 4257 978 4294; x_wconf 88' lang='lat' dir='ltr'>om.</span> <span class='ocrx_word' id='word_1_317' title='bbox 996 4244 1044 4310; x_wconf 69' lang='grc' dir='ltr'>γΧ</span> <span class='ocrx_word' id='word_1_318' title='bbox 1116 4243 1324 4298; x_wconf 81' lang='lat' dir='ltr'>descendentem</span> <span class='ocrx_word' id='word_1_319' title='bbox 1344 4243 1379 4298; x_wconf 88' lang='lat' dir='ltr'>ds</span> 
     </span>
     <span class='ocr_line' id='line_1_36' title="bbox 233 4324 450 4378; baseline 0.005 -1"><span class='ocrx_word' id='word_1_320' title='bbox 233 4324 307 4378; x_wconf 85' lang='lat' dir='ltr'>eaelo</span> <span class='ocrx_word' id='word_1_321' title='bbox 328 4341 378 4378; x_wconf 89' lang='lat' dir='ltr'>om.</span> <span class='ocrx_word' id='word_1_322' title='bbox 399 4325 450 4378; x_wconf 89' lang='lat' dir='ltr'>PL</span> 
     </span>
    </p>
   </div>
   <div class='ocr_carea' id='block_1_5' title="bbox 0 0 1560 4936">
    <p class='ocr_par' dir='ltr' id='par_1_7' title="bbox 0 0 1560 4936">
     <span class='ocr_line' id='line_1_37' title="bbox 0 0 1560 4936; baseline 0 5"><span class='ocrx_word' id='word_1_323' title='bbox 0 0 1560 4936; x_wconf 95' lang='lat' dir='ltr'> </span> 
     </span>
    </p>
   </div>
  </div>
 </body>
</html>
