3112 4936
247 436 306 500 170
715 429 913 484 Ambrosii

170 625 216 688 62
240 631 277 691 ut
299 627 435 691 mittant.
468 627 495 690 si
520 625 630 690 altiore
655 625 787 690 oonsilio
811 626 874 692 ista
896 643 1078 709 pensamus,
1113 624 1209 688 animi
1234 624 1386 690 debemus

241 733 424 815 intellegere
444 735 476 797 et
495 733 632 814 eorporis
653 732 831 810 sanitatem,
850 735 887 796 ut
904 732 993 816 prius
1013 732 1136 796 animus
1157 733 1211 814 qni
1231 733 1386 814 sementis

241 840 405 904 laborabat
428 839 552 904 insidiis
577 840 743 905 absolutus
768 841 820 904 sit.
847 840 950 904 anima
974 839 1058 904 enim
1082 857 1254 921 numquam
1279 858 1297 902 a
1320 857 1387 904 cor·

241 967 316 1028 pore
344 947 530 1026 uinceretur,
563 947 624 1012 nisi
654 947 741 1029 prius
776 967 792 1010 a
821 947 945 1012 diabolo
977 949 1174 1010 temtaretur.
1208 965 1279 1010 nam
1312 964 1385 1010 cum
1437 959 1534 1013 13trl

242 1054 346 1118 anima
374 1073 488 1136 corpus
520 1057 601 1139 agat,
633 1055 777 1119 uiuificet
803 1058 836 1120 et
863 1055 1027 1138 gubernet,
1061 1053 1327 1134 quemadmodum
1353 1053 1385 1116 in
1420 1077 1434 1116 e

241 1162 311 1226 eius
335 1161 509 1225 inlecebras
533 1162 662 1243 captiua
684 1165 857 1243 raperetur,
891 1163 951 1226 nisi
975 1165 1007 1225 et
1034 1161 1104 1242 ipsa
1132 1160 1303 1243 superioris
1334 1159 1389 1224 ali-

243 1271 334 1334 cuius
358 1270 527 1351 potestatis
550 1269 689 1334 uinculis
715 1269 941 1354 stringeretur?
970 1268 1105 1350 denique
1128 1287 1189 1333 non
1209 1267 1297 1350 prius
1320 1267 1390 1330 ilua

242 1377 378 1441 esuriuit
402 1395 496 1457 quarn
520 1375 673 1458 serpentis
698 1395 768 1440 eam
791 1375 932 1441 uersutia
950 1374 1109 1451 temtauit,
1135 1377 1167 1438 et
1188 1373 1260 1439 ideo
1280 1373 1390 1437 aduer-

242 1503 299 1548 sus
336 1483 442 1566 ipsum
476 1485 636 1548 auctorem
668 1483 790 1566 peccati
821 1481 909 1564 prius
943 1481 1054 1546 debuit
1083 1479 1240 1545 medicina
1276 1479 1390 1543 salutis

244 1589 376 1672 operari.
1409 1607 1436 1646 ro

173 1692 219 1756 63
289 1696 446 1760 Fortassis
475 1695 570 1760 etiam
598 1696 630 1759 iu
657 1699 732 1778 typo
761 1694 904 1758 mulieris
933 1695 1021 1758 illius
1052 1712 1162 1759 socrus
1187 1691 1325 1758 Simonis
1358 1696 1391 1756 et

245 1803 385 1867 Andreae
413 1802 509 1866 uariis
538 1803 705 1866 eriminum
738 1801 879 1865 febribus
910 1819 981 1864 caro
1014 1803 1123 1865 nostra
1153 1800 1326 1884 languebat
1358 1801 1391 1863 et
1454 1811 1476 1865 Β

245 1910 443 1974 diuersarum
476 1909 687 1991 cupiditatum
719 1907 888 1972 inmodicis
921 1907 1088 1972 aestuabat
1119 1906 1294 1970 inlecebris.
1331 1923 1388 1970 neo

243 2017 396 2081 minorem
420 2016 539 2080 febrem
564 2017 679 2080 amoris
704 2034 774 2080 esse
794 2013 925 2078 dixerim
944 2033 1038 2094 quam
1058 2013 1182 2078 caloris.
1206 2014 1314 2094 itaque
1333 2012 1391 2076 illa

243 2125 385 2188 animum
416 2123 524 2204 febris,
561 2124 638 2188 haee
671 2141 785 2204 corpus
816 2119 1005 2196 inflammas
1038 2121 1134 2184 febris
1167 2119 1250 2183 enim
1281 2121 1435 2182 nostram

244 2231 342 2296 libido
368 2234 426 2308 est,
456 2249 491 2295 eo
517 2229 600 2311 quod
624 2230 743 2312 ignitae
768 2229 832 2292 sint
854 2227 1056 2310 cupiditates.
1087 2227 1171 2291 unde
1196 2227 1240 2290 ait
1263 2229 1294 2288 et
1317 2243 1390 2306 apo-

245 2338 363 2403 stolus:
390 2339 421 2402 si
443 2356 517 2402 non
539 2356 578 2401 se
599 2335 819 2412 continent,
844 2335 1010 2410 nubant;
1037 2334 1184 2398 melius
1206 2336 1268 2396 est
1286 2331 1389 2396 enirn

244 2445 393 2510 nubere
419 2464 532 2526 quarn
557 2443 626 2507 uri.
650 2442 746 2506 febris
780 2445 887 2506 nostra
912 2441 1038 2505 luxuria
1065 2445 1124 2519 est,
1156 2439 1253 2504 febris
1282 2441 1391 2502 nostra

242 2551 406 2617 iracundia
439 2553 498 2626 est,
533 2568 613 2632 quae
645 2548 722 2612 licet
755 2547 893 2628 corporis
926 2546 1007 2610 uitia
1038 2547 1112 2621 sint,
1147 2546 1251 2628 ignem
1283 2549 1389 2608 tamen
1457 2561 1478 2616 i*

244 2658 373 2723 ossibus
393 2656 556 2738 inplicant,
580 2659 718 2719 mentem
737 2653 875 2718 animum
896 2672 1069 2735 sensusque
1088 2655 1289 2736 pertentant.
1312 2650 1390 2714 haee
1409 2667 1437 2707 eo

246 2765 331 2847 prior
354 2763 470 2828 diaboli
490 2762 682 2828 sollicitatur
701 2763 776 2824 arte.
802 2760 916 2824 etenim
936 2779 1010 2844 eger
1028 2760 1131 2825 bonus
1150 2759 1252 2823 uestis
1272 2756 1391 2821 munile

245 2870 390 2936 suadella
413 2869 567 2954 serpentis
591 2872 648 2934 est.
672 2868 825 2932 honorum
850 2867 961 2951 gratia,
985 2867 1165 2931 sublimitas
1184 2867 1390 2948 potestatum„

244 2978 412 3060 epularum
444 2976 597 3050 suauitas,
629 2975 729 3040 forma
760 2974 934 3038 meretricis
961 2975 1094 3056 laqueus
1128 2976 1177 3038 est
1209 2971 1326 3036 diaboli
1359 2973 1392 3034 ot

245 3083 339 3167 quasi
363 3083 489 3165 quidam
514 3082 674 3163 nequitiae
697 3080 849 3162 spiritalis
867 3079 1082 3144 inlecebrosus
1102 3079 1238 3154 adlatus,
1263 3077 1317 3160 qui
1334 3095 1392 3159 per

245 3191 349 3255 carnis
373 3189 573 3266 inlecebram,
599 3207 678 3270 quae
698 3187 761 3251 cito
780 3187 914 3250 feminea
933 3185 1068 3268 quadam
1086 3185 1218 3250 leuitate
1237 3183 1391 3260 mollitur,
1410 3207 1438 3250 ss

340 3417 371 3469 17
391 3415 405 3468 Ι
426 3413 485 3468 Cor.
506 3414 530 3476 7,
550 3415 566 3467 9
620 3412 654 3466 23
674 3411 803 3465 Prouerb.
823 3413 847 3478 7,
867 3411 898 3463 21

287 3543 298 3595 l
320 3541 432 3594 mittant
451 3543 478 3607 (n
497 3555 518 3592 s.
537 3541 575 3604 u.)
594 3538 621 3590 A
707 3553 850 3606 pensamus
869 3537 971 3608 AEqr
987 3537 1135 3607 pandamus
1154 3537 1185 3591 Ε
1201 3535 1348 3605 pendamus
1368 3535 1396 3588 P

249 3639 315 3700 (ata.
336 3649 350 3683 e
368 3632 425 3694 mt’)
445 3635 491 3682 cel.
565 3629 670 3680 animae
689 3627 734 3679 Ao
799 3627 996 3695 2serpentinis
1015 3645 1033 3696 χ
1053 3627 1114 3690 (-tis
1133 3643 1201 3680 corr.
1224 3625 1260 3692 G)
1314 3626 1392 3678 lte-

248 3723 359 3772 uerotur
377 3719 407 3771 X
450 3718 466 3772 8
485 3717 599 3770 esuriuit
617 3720 644 3784 (u
665 3715 712 3769 all.
733 3733 753 3769 s.
773 3719 811 3782 a.)
830 3716 852 3770 O
871 3716 966 3768 esuriit
983 3715 1081 3768 PeBL
1133 3715 1165 3768 12
1185 3713 1326 3767 criminum
1346 3713 1395 3774 (mi

248 3827 271 3864 a.
291 3811 329 3874 n.)
347 3808 375 3860 P
445 3807 484 3875 et]
502 3807 530 3859 in
550 3809 584 3874 A,
603 3823 654 3860 ont.
673 3806 700 3857 B
774 3806 807 3858 14
826 3821 842 3858 a
860 3805 969 3858 maioris
988 3805 1018 3856 X
1035 3806 1072 3872 (ai
1091 3819 1150 3872 exp.
1170 3802 1222 3870 Fa,
1242 3817 1311 3856 eras.
1332 3799 1395 3866 OV)

287 3897 385 3951 dixerit
403 3896 429 3948 A
511 3895 607 3948 caloris
628 3894 697 3960 (calo
716 3894 748 3946 io
765 3895 832 3961 ros.)
851 3894 879 3945 P
970 3893 1003 3946 16
1023 3894 1078 3946 sint
1096 3894 1148 3960 (int
1165 3895 1213 3944 m2
1229 3891 1261 3944 in
1278 3891 1347 3956 roa.)
1372 3889 1398 3940 V

249 3993 316 4040 sunt
335 3985 386 4039 PL
459 3987 487 4037 et
506 3985 643 4053 apostolus
663 3983 703 4036 ait
721 3983 751 4034 X
851 3984 882 4036 17
903 3983 1043 4035 continent
1061 3981 1137 4034 seT
1208 3980 1278 4033 enirn
1297 3995 1349 4033 om.
1369 3980 1396 4032 B

253 4077 286 4130 19
309 4076 400 4144 ignem
425 4077 461 4142 (m
484 4091 506 4126 s.
529 4077 568 4138 u.)
588 4073 614 4126 A
705 4074 739 4125 20
763 4071 923 4142 perturbant
947 4073 1137 4139 (temptante.
1160 4069 1273 4122 turbant
1295 4069 1352 4133 ari-2)
1376 4067 1399 4122 0

288 4165 358 4228 hauc
377 4164 404 4217 P
456 4164 488 4214 21
509 4161 695 4228 munileP(o
715 4178 736 4214 s.
756 4159 870 4227 ιι)Ααῦ
888 4159 988 4212 monile
1007 4165 1054 4211 cel.
1102 4159 1135 4210 22
1155 4157 1277 4212 suadella
1295 4155 1398 4211 AnFG

250 4261 278 4308 et
296 4255 316 4320 ql
336 4253 385 4308 uit.
404 4257 485 4316 eros.)
510 4249 569 4316 0V,
589 4251 670 4320 (exp.)
689 4267 706 4300 rt
725 4248 838 4304 suadela
851 4248 877 4300 L
896 4251 923 4314 (a
943 4249 991 4302 oli.
1011 4248 1042 4300 in
1060 4248 1126 4312 raa.)
1146 4254 1193 4300 cel.
1266 4246 1398 4300 honorum

250 4347 298 4407 (no
317 4360 338 4399 a.
357 4359 385 4395 aa.
404 4345 459 4408 m2)
478 4341 505 4393 A
560 4341 593 4394 25
613 4339 729 4392 feminae
748 4338 776 4390 P
792 4337 893 4391 ferrrina
917 4337 938 4390 L
