3050 4936
236 631 471 716 infirmatus
503 652 584 716 enim
615 670 659 730 es,
690 651 744 718 sed
768 657 934 736 propter
956 659 1125 736 peccata
1149 661 1297 734 nostra,
1322 677 1383 723 non

238 757 311 839 quia
338 757 398 822 tibi
427 757 482 822 illa
510 757 675 824 infirmitas
705 763 771 824 erat
799 779 834 824 ex
862 764 949 844 patre
978 760 1135 841 adsumta,
1165 761 1221 827 sed
1248 783 1304 846 pro
1332 784 1383 828 me
1445 785 1461 836 F

237 869 394 947 suscepta,
423 865 498 948 quia
527 865 605 930 milri
632 865 779 948 proderat
806 871 843 932 ut
871 867 1007 932 eruditio
1031 869 1118 950 pacis
1147 872 1273 935 nostrae
1298 875 1384 936 esset

171 975 212 1039 58
236 974 267 1038 in
296 977 327 1037 te
357 977 388 1036 ct
414 973 515 1037 liuore
544 976 599 1038 tuo
628 973 760 1038 uulnera
788 979 896 1038 nostra
924 994 1060 1040 sanares.
1086 975 1142 1040 sed
1166 975 1242 1058 quid
1266 978 1383 1042 mirum

237 1080 264 1146 si
295 1097 350 1161 pro
384 1078 530 1143 omuibus
564 1077 667 1142 doluit
699 1079 753 1161 qui
781 1098 837 1161 pro
870 1099 932 1144 uno
965 1081 1077 1146 fleuit?
1106 1081 1183 1164 quid
1210 1083 1327 1148 mirum
1356 1085 1383 1148 si
1416 1106 1426 1142 5

236 1187 408 1252 moriturus
437 1203 491 1268 pro
521 1185 667 1250 omnibus
696 1185 832 1264 taedeat,
868 1187 921 1268 qui
950 1187 1102 1252 Lazarum
1130 1189 1383 1255 resuscitaturus

235 1293 424 1358 illacrimat?
454 1292 510 1356 sed
534 1295 567 1356 et
589 1291 633 1356 ibi
657 1293 726 1374 piae
752 1293 868 1358 sororis
892 1293 1031 1358 lacrimis
1056 1299 1284 1374 commonetur,
1309 1297 1384 1379 quia

236 1403 372 1465 mentem
401 1398 571 1462 humanam
599 1398 783 1482 tangebant,
807 1403 840 1462 ct
863 1399 914 1464 hic
938 1401 1002 1464 alto
1026 1403 1173 1483 operatur
1196 1401 1323 1480 affeetu,
1347 1411 1384 1468 ut

236 1507 310 1588 quia
332 1507 362 1570 in
389 1525 480 1570 carne
504 1524 562 1569 sua
584 1509 714 1588 peccata
732 1510 841 1571 nostra
859 1508 1043 1590 perimebat,
1063 1527 1236 1573 maerorem
1256 1528 1383 1592 quoque

237 1613 357 1676 animae
385 1615 511 1677 nostras
535 1630 610 1676 suaa
635 1612 756 1676 animae
781 1633 901 1678 maeror
924 1615 1073 1680 aboleret.
1099 1617 1131 1678 et
1153 1615 1288 1679 sortasse
1311 1615 1383 1681 ideo
1404 1641 1430 1680 10
1450 1631 1498 1680 rer.

237 1718 338 1784 tristis
362 1721 421 1796 est,
446 1718 520 1800 quia
543 1721 617 1803 post
639 1719 725 1783 Adae
749 1720 874 1803 lapsum
899 1721 956 1784 tali
980 1721 1116 1785 transitu
1140 1721 1230 1786 nobis
1256 1725 1323 1786 erat
1347 1743 1383 1786 er

236 1826 297 1891 hoo
325 1825 451 1890 saeculo
480 1825 700 1904 recedendum,
725 1829 761 1890 ut
784 1827 865 1891 mori
889 1831 975 1892 essct
1003 1847 1146 1892 necesse:
1176 1829 1273 1894 dens
1299 1829 1382 1892 eninr

237 1936 403 1997 mortem
427 1953 500 1999 uon
525 1933 627 1998 lecit
645 1952 715 1997 uec
734 1934 918 1998 laetatur
937 1935 1173 2013 perditione
1193 1935 1382 2000 uiuorum

237 2041 269 2102 et
290 2040 361 2104 ideo
386 2040 510 2105 fastidit
533 2039 617 2122 quod
640 2041 708 2122 ipse
733 2059 793 2104 non
818 2041 903 2105 feeit.

170 2139 212 2202 59
280 2145 424 2228 Denique
457 2147 516 2210 ait:
550 2145 729 2210 transfer
761 2165 779 2210 a
811 2165 867 2210 rne
905 2147 1074 2211 calicem
1115 2146 1250 2222 isium,
1290 2148 1384 2230 quasi
1403 2174 1428 2213 15
1513 2113 1516 2254 l

145 2265 180 2320 aa,
195 2267 221 2310 11
235 2253 330 2318 horno
354 2256 488 2318 mortem
512 2272 670 2331 recusans,
695 2253 786 2334 quasi
809 2253 888 2318 deus
913 2254 1099 2319 sententiam
1124 2273 1215 2318 suam
1234 2273 1381 2330 sernaus;

237 2363 359 2442 oportet
387 2359 469 2424 enim
499 2359 578 2422 mori
606 2378 664 2424 uos
693 2359 830 2436 saeculo,
855 2365 892 2424 ut
914 2379 1116 2444 resurgamus
1141 2360 1210 2439 deo,
1235 2363 1272 2425 ut
1293 2361 1382 2424 iuxta

236 2465 377 2530 diuinam
400 2465 588 2532 senteutiam
611 2467 660 2529 lar
685 2466 917 2530 maledictionis
935 2468 1076 2531 resoluto
1095 2467 1127 2531 in
1146 2473 1246 2532 terrae
1265 2467 1382 2530 limum
1446 2483 1464 2534 rr

170 2565 212 2628 60
236 2575 364 2636 naturae
388 2573 448 2636 line
468 2573 619 2636 soluatur.
646 2572 730 2654 quod
754 2577 858 2637 autern
884 2573 943 2637 ait:
968 2593 1041 2638 nou
1066 2592 1148 2638 mea
1171 2573 1380 2649 uoluntas,

145 2693 180 2748 ¹22,
195 2693 221 2735 42
237 2680 306 2744 sed
333 2683 402 2743 tua
431 2678 518 2756 fiat,
549 2699 640 2744 suam
668 2679 707 2744 ad
735 2681 893 2744 homiuem
922 2681 1056 2759 rettulit,
1079 2681 1178 2764 patris
1201 2681 1241 2744 ad
1265 2680 1381 2744 diuini·
1400 2707 1427 2746 so

234 2789 346 2864 tatem;
372 2787 518 2852 uoluntas
543 2787 624 2850 eninr
649 2787 785 2851 hominis
811 2789 1005 2870 temporalia,
1030 2790 1176 2853 uoluntas
1201 2787 1382 2852 diuinitatis

235 2895 370 2956 aeterua.
396 2911 455 2957 non
481 2893 541 2956 alia
566 2893 714 2958 noluntas
733 2894 842 2976 patris,
863 2894 925 2958 alia
943 2893 1013 2970 filii3
1034 2914 1096 2959 una
1116 2895 1198 2958 enirn
1217 2894 1380 2970 uoluntas,

235 2997 290 3060 ubi
322 3017 384 3062 una
416 2998 579 3063 diuinitas.
614 2999 699 3064 disce
731 3003 837 3064 tumen
866 2999 922 3066 deo
953 3019 1022 3066 esse
1050 3001 1225 3076 subiectus,
1253 3003 1290 3064 ul
1318 3019 1380 3064 nou
1445 3013 1462 3067 c

235 3104 318 3188 quod
350 3106 418 3188 ipse
450 3107 501 3171 uis
535 3107 644 3192 eligas,
678 3108 734 3172 sed
767 3107 852 3189 quod
882 3108 939 3172 deo
968 3108 1049 3173 scias
1078 3127 1147 3174 esse
1174 3107 1379 3192 placiturum.

168 3214 208 3277 61
235 3211 346 3278 deinde
369 3213 538 3278 uerborum
559 3215 699 3298 ipsorum
718 3215 944 3298 proprietatem
965 3215 1216 3280 consideremus:
1235 3215 1378 3280 tristis
1398 3235 1425 3275 11

235 3321 297 3383 est
319 3320 449 3385 anima
471 3340 556 3385 mea
580 3324 612 3386 et
630 3321 719 3386 alibi:
739 3340 843 3385 nuuc
868 3321 996 3386 anima
1019 3340 1101 3386 mea
1124 3321 1291 3386 turbata
1315 3325 1379 3387 est

237 457 301 520 478
709 459 904 514 Ambrosii
1508 365 1516 906 ἐ

323 3528 669 3598 lealsq.Esai.53‚5
723 3532 818 3598 dsqq.
837 3529 896 3582 Iolr.
917 3528 958 3592 11,
978 3529 1012 3582 33
1028 3533 1056 3582 et
1070 3529 1104 3583 35
1157 3529 1328 3596 llHebr.9,
1345 3531 1379 3583 15

235 3617 267 3670 12
287 3617 347 3686 Sap.
370 3620 393 3686 1,
415 3618 447 3671 13
535 3619 566 3671 17
588 3617 654 3671 Gen.
674 3619 698 3684 3,
719 3619 751 3672 19
840 3619 872 3670 19
893 3617 987 3671 concil.
1007 3617 1213 3688 constantinop.
1232 3619 1249 3673 3
1269 3621 1322 3673 aet.
1344 3619 1379 3672 10

232 3705 266 3758 25
285 3707 382 3760 Matth.
402 3708 445 3772 26,
465 3707 499 3760 38
554 3707 588 3759 26
608 3706 652 3758 Ps.
673 3706 734 3768 6,4

1515 3507 1516 3542 1

269 3828 281 3880 l
302 3830 424 3897 peccata]
445 3827 544 3882 delicta
566 3827 590 3882 0
677 3829 693 3880 2
712 3829 760 3882 illa
777 3829 830 3882 tibi
848 3848 866 3900 χ
951 3835 1029 3901 patu
1048 3835 1088 3898 (er
1106 3849 1176 3886 eras.
1195 3839 1221 3886 et
1238 3847 1260 3886 a.
1278 3835 1332 3902 tre)
1352 3833 1381 3886 P

232 3919 248 3970 5
268 3920 296 3970 et
315 3916 379 3985 quid
399 3917 429 3970 X
491 3919 507 3972 6
526 3918 734 3972 resuscitaturus
754 3921 794 3986 (tu
813 3936 834 3974 a.
853 3937 879 3972 11.
899 3923 956 3983 1112)
977 3921 1004 3973 P
1069 3922 1085 3974 8
1104 3922 1246 3976 humanam
1258 3965 1263 3976 .
1276 3965 1282 3978 .
1294 3965 1300 3976 .
1312 3939 1379 3993 ope-

230 4009 305 4058 ratur
323 4007 353 4058 111
371 4023 421 4074 erp.
440 4009 487 4060 1113
506 4007 538 4076 Ρ,
558 4023 609 4064 om.
629 4007 655 4060 L
724 4009 756 4061 12
777 4013 848 4062 esset
867 4012 890 4076 (t
906 4025 928 4064 a.
948 4011 986 4076 11.)
1004 4010 1032 4063 Ρ
1087 4013 1119 4065 13
1140 4017 1205 4064 ante
1222 4011 1379 4081 perditione

232 4092 297 4148 add.
321 4094 348 4146 in
372 4095 399 4146 B
422 4097 460 4164 (in
483 4113 504 4150 a.
528 4114 556 4150 11.
580 4099 637 4162 1112)
661 4097 709 4168 Χχ
792 4098 823 4150 18
847 4098 967 4151 resoluto
991 4102 1016 4166 (ο
1042 4099 1091 4153 oli.
1115 4101 1147 4153 in
1168 4101 1223 4164 lit.)
1247 4101 1275 4154 P
1303 4117 1378 4154 reso-

230 4182 289 4235 luta
306 4202 325 4253 χ
342 4187 369 4249 (o
388 4199 409 4236 a.
430 4201 453 4251 a,
471 4185 519 4238 sed
537 4201 606 4240 erac.
630 4187 663 4252 Τ)
718 4187 749 4240 21
771 4185 898 4240 uoluntas
910 4228 916 4240 .
928 4227 934 4240 .
946 4227 951 4240 .
963 4188 1120 4257 temporalis
1137 4189 1169 4242 in
1187 4205 1238 4257 my.
1256 4189 1310 4257 ins.
1330 4195 1379 4242 1113

1482 4858 1506 4889 Ι.

230 4271 263 4332 Ρ,
283 4287 333 4324 om.
353 4271 379 4323 L
451 4274 485 4326 23
505 4277 535 4326 ut
553 4291 604 4329 om.
623 4273 703 4328 PBL
771 4275 805 4330 26
825 4277 867 4328 est
885 4275 974 4344 iuquit
992 4293 1010 4346 χ
1029 4279 1072 4330 est
1090 4277 1160 4330 euim
1182 4277 1235 4332 CX
1306 4295 1379 4332 nunc

230 4375 281 4415 om.
302 4377 319 4409 α
