3112 4936
285 437 426 510 Expositio
444 441 580 511 euangelii
598 441 687 497 Lucae
705 442 729 496 V
747 441 854 497 32-36
872 441 953 511 (1363
972 443 1105 499 1)-1364
1124 443 1167 510 1)).
1234 447 1298 512 195

152 653 228 699 uero
247 637 426 718 exemplum
444 637 675 720 prophotioum
696 657 757 722 quo
777 638 915 722 primum
934 659 995 705 non
1014 639 1119 704 inania
1133 639 1225 724 legis,
1246 639 1303 705 sed

154 741 257 805 solida
280 741 429 808 utilitatis
453 745 544 810 uobis
569 745 730 827 sequenda
752 745 938 828 produntur,
963 746 1075 810 deiude
1100 745 1175 828 quia
1196 745 1302 810 Dauid

154 866 227 912 oum
252 849 347 914 sociis
370 850 496 934 fugiens
519 871 538 916 a
560 851 640 917 faeie
658 852 742 938 regis
762 851 839 918 Saul
857 853 909 918 hio
928 851 1161 938 praefiguratus
1179 853 1211 916 in
1231 853 1303 938 lego

61 950 107 1013 33
156 953 301 1020 Christus
325 958 384 1035 est,
410 957 464 1040 qui
488 977 559 1023 oum
583 959 737 1042 apostolis
757 957 931 1042 prinoipem
950 959 1060 1024 mundi
1079 960 1201 1024 lateret.
1228 978 1304 1041 quo-

122 1061 249 1127 510010
273 1063 380 1127 autem
403 1064 458 1128 ille
482 1064 667 1130 obseruator
684 1065 766 1149 logis
788 1067 883 1148 atquo
902 1065 1048 1131 defensor
1066 1085 1163 1150 panes
1183 1065 1302 1149 etipse

155 1168 361 1234 manducauit
388 1173 420 1234 et
448 1169 535 1234 dedit
562 1171 612 1236 his
641 1171 696 1254 qui
724 1189 832 1236 seeum
861 1174 959 1251 eraut,
988 1189 1069 1254 quos
1097 1189 1158 1236 non
1185 1170 1304 1236 licebat

156 1275 345 1340 manducare
373 1275 434 1340 uisi
461 1277 681 1343 tantummodo
710 1277 939 1355 sacerdotibus,
972 1277 1034 1342 nisi
1066 1280 1103 1342 ut
1129 1297 1187 1360 per
1214 1277 1345 1344 illamB

156 1381 385 1447 demonstraret
412 1381 545 1467 figuram
575 1383 801 1449 sacerdotalem
829 1384 937 1448 eibum
965 1383 1004 1448 ad
1031 1403 1126 1449 usum
1154 1385 1304 1449 transitu-

154 1507 226 1552 rum
255 1507 324 1554 esso
356 1489 556 1573 populorum,
590 1490 659 1556 siue
692 1490 776 1573 quod
810 1509 917 1555 omnes
945 1490 1047 1555 uitam
1076 1489 1304 1556 sacerdotalem

112 1611 137 1650 ιο
157 1594 309 1659 debemus
327 1594 447 1660 imitari
466 1595 534 1660 siue
553 1595 628 1678 quia
646 1615 755 1662 omnes
770 1596 829 1662 lilii
845 1597 997 1668 ecelesiae
1012 1597 1192 1662 sacerdotes
1208 1599 1304 1662 sunt?

155 1701 330 1786 unguimur
344 1701 426 1766 enim
440 1702 472 1766 in
493 1703 705 1768 sacerdotium
724 1707 868 1768 sanetum
889 1703 1054 1769 offerentes
1074 1704 1304 1786 nosmetipsos

58 1805 108 1868 34
157 1807 216 1873 deo
235 1807 356 1873 hostias
376 1809 547 1892 spiritales.
566 1809 632 1894 legi
650 1810 750 1894 igitur
767 1809 831 1874 iam
848 1809 1016 1894 superfluit
1029 1810 1172 1876 doctrina
1187 1809 1304 1877 Christi

157 1933 215 1980 noo
244 1915 349 1998 legem
378 1915 486 1994 soluit,
516 1917 573 1982 sed
599 1917 711 1998 inplet,
740 1917 815 1999 quia
845 1935 902 1982 nee
935 1917 1104 1982 sabbatum
1137 1917 1245 1982 soluit.
1276 1917 1304 1981 si

158 2021 241 2087 euim
269 2021 436 2087 sabbatum
463 2027 592 2107 propter
618 2023 778 2088 hominem
805 2023 926 2088 fautum
954 2025 1013 2102 est,
1044 2023 1168 2088 utilitas
1196 2027 1349 2087 autemc

113 2126 294 2192 niominis
317 2128 502 2212 postulabat
524 2129 714 2194 esurientem
736 2129 908 2208 hominem,
933 2129 986 2212 qui
1011 2129 1065 2194 diu
1084 2129 1186 2194 fuerat
1203 2133 1305 2194 terrae

159 2234 316 2300 fructibus
336 2234 512 2314 abdicatus,
531 2235 650 2300 ueteris
669 2235 762 2301 famis
782 2237 883 2300 uitare
901 2235 1028 2314 ieiunia,
1049 2256 1108 2302 non
1128 2235 1239 2318 utique
1256 2235 1305 2298 len

159 2341 306 2420 soluitur,
331 2341 387 2406 sed
409 2341 557 2425 inpletur.
581 2342 739 2426 quomodo
763 2343 863 2428 igitur
885 2343 1011 2409 domino
1036 2341 1074 2408 ad
1099 2341 1217 2407 eumen
1241 2340 1306 2405 obi-

59 2446 110 2511 35
160 2447 252 2526 eitun,
286 2448 371 2531 quod
397 2448 429 2513 in
457 2468 549 2514 seruo
576 2469 632 2532 pro
666 2449 796 2514 erimine
827 2468 889 2514 non
918 2451 1064 2514 tenetur?
1093 2447 1169 2532 qnid
1198 2450 1305 2512 autom
1342 2493 1349 2516 a

161 2554 341 2620 euidentius
365 2555 424 2620 hae
447 2555 559 2641 ligura,
585 2575 664 2638 quae
687 2575 743 2638 per
764 2559 866 2620 totam
885 2555 984 2622 eurrit
1001 2554 1189 2622 historiam?
1212 2553 1307 2618 intra·

112 2681 140 2720 2⁰
160 2661 210 2726 uit
232 2661 337 2728 Dauid
359 2661 391 2727 in
416 2662 545 2728 domum
567 2661 753 2728 Abimeleoh
781 2661 970 2739 sacordotis3
999 2661 1055 2727 sod
1082 2679 1139 2726 ueo
1166 2659 1306 2743 periculo

160 2769 272 2833 mortis
296 2769 459 2852 proposito
482 2768 642 2852 hospitem
664 2771 801 2848 recusat,
827 2769 963 2834 declinat
982 2769 1103 2833 exulem
1123 2766 1224 2832 saneti
1243 2764 1307 2830 ani·
1325 2767 1351 2822 D

161 2895 233 2940 mus
257 2876 441 2942 sacerdotis.
469 2879 557 2946 tanta
579 2876 809 2960 hospitalitatis
833 2880 883 2942 est
910 2875 1021 2960 gratia,
1050 2879 1087 2940 ut
1112 2874 1249 2940 libenter
1275 2873 1306 2938 iu

162 3001 219 3048 nos
242 2982 344 3047 aliena
366 2982 506 3066 pericula
529 2982 766 3049 transieramus.

58 3087 111 3153 36
206 3089 324 3156 Uerum
350 3089 410 3154 hoo
433 3089 465 3154 in
484 3089 616 3154 historia
633 3091 762 3166 morale,
786 3088 818 3153 in
838 3087 989 3172 mysterio
1009 3087 1229 3171 propheticum
1248 3087 1307 3166 est,

252 3367 376 3424 thenit.
396 3367 475 3432 24‚9
540 3366 696 3422 121Petr.
716 3367 741 3434 2,
760 3369 788 3422 5-
842 3365 1037 3428 1311111111,
1059 3366 1091 3420 17
1156 3364 1189 3418 19
1207 3363 1308 3432 Reg.l

160 3460 302 3528 21,100.

201 3633 308 3704 lquod
327 3633 357 3686 X
374 3631 580 3703 (qaom2nV)
643 3627 1101 3699 2101101Ε(110.110012)γ1’
1165 3625 1308 3696 dlugiens

163 3729 222 3792 (ens
241 3725 272 3778 111
289 3739 346 3779 raa.
365 3725 422 3789 1113)
440 3722 468 3776 P
560 3721 757 3791 praefiguratus
776 3719 802 3772 B
822 3722 863 3787 (us
881 3719 913 3772 iu
931 3720 998 3785 roa.)
1017 3716 1245 3787 praefiguraturus
1264 3713 1311 3785 (Ε

165 3814 199 3867 10
218 3813 268 3868 filii
286 3812 307 3882 (1
326 3817 384 3868 tart.
403 3829 425 3867 a.
444 3812 483 3878 u.)
500 3809 529 3864 P
596 3811 626 3864 11
648 3808 775 3878 ungimur
792 3807 863 3880 Pap
933 3807 965 3860 12
985 3805 1019 3860 dd
1038 3823 1060 3860 s.
1078 3820 1106 3858 u.
1124 3803 1154 3857 P
1221 3803 1309 3873 igitur

163 3903 214 3972 (igi
232 3919 254 3958 s.
273 3919 301 3956 u.
319 3904 378 3969 m2)
396 3901 422 3954 A
524 3900 556 3953 13
576 3899 665 3952 soluet
683 3895 742 3951 ET
839 3898 872 3950 14
890 3895 1027 3949 hominem
1046 3893 1101 3947 AB
1118 3892 1241 3946 homines
1260 3897 1307 3947 oet.

166 3993 199 4046 15
218 3990 376 4061 postolabat
394 3992 420 4057 (o
436 3989 485 4044 ult.
500 4005 534 4043 eu
546 4004 577 4054 u;
597 3989 644 4040 m2
661 4003 681 4041 s.
703 4005 718 4052 p
738 3985 803 4042 odd.
818 3979 851 4052 'v)
864 3985 892 4038 P
928 3985 961 4038 18
979 3987 1118 4038 teneretur
1135 3985 1174 4050 (re
1189 3985 1269 4048 eras.)
1283 3981 1311 4034 P

203 4079 268 4150 quid
286 4079 314 4148 (11
332 4095 353 4132 s.
372 4081 412 4145 o.)
430 4079 457 4132 A
513 4077 546 4130 19
564 4075 631 4143 haee
650 4075 677 4128 A
726 4073 761 4130 20
780 4073 930 4129 abimelech
949 4074 976 4141 (h
995 4089 1017 4126 a.
1035 4074 1074 4138 u.)
1091 4071 1120 4124 P
1167 4071 1199 4124 21
1220 4085 1308 4138 noque

165 4174 197 4238 (a.
216 4185 244 4222 a.
262 4169 319 4234 m2)
338 4166 458 4220 declinat
475 4165 506 4220 E
592 4165 627 4218 22
643 4151 725 4235 {esp
814 4161 989 4232 hospitalitas
1007 4161 1038 4214 X
1127 4159 1161 4212 24
1180 4159 1264 4212 storia
1282 4156 1309 4209 A

166 4255 262 4311 morali
280 4255 300 4322 (1
319 4271 352 4309 ex
371 4269 385 4308 e
403 4256 461 4321 m2)
479 4252 507 4305 P
588 4251 745 4322 mysterium
766 4269 783 4301 α
867 4247 1056 4318 propheticum
1074 4243 1308 4315 1110χο10101-

166 4351 225 4400 tum
245 4344 272 4397 P
290 4343 482 4414 prophetatum
501 4341 545 4394 aL
562 4340 721 4412 prophetias
740 4337 870 4408 allegoria
888 4337 918 4391 X

1225 4437 1273 4492 13*
1308 4485 1310 4488 .
