3044 4930
277 425 417 494 Expositio
437 425 573 494 euangelii
592 425 680 480 Lucae
699 425 713 478 I
732 426 839 480 43-15
859 425 940 494 (1280
959 425 1088 480 2-1282
1107 427 1149 492 Β).
1241 431 1283 492 39

136 618 296 684 coeundi?
319 619 476 702 siquidem
499 619 555 684 ubi
579 619 677 683 semel
701 638 831 704 grauem
856 619 964 684 aluum
988 619 1050 684 sibi
1074 619 1229 684 senserint
1251 623 1283 684 et

135 725 266 809 genitali
295 745 370 792 aruo
399 745 506 792 semen
534 729 708 810 receptum,
737 727 799 790 iam
829 745 886 791 neo
915 726 1086 792 concubitu
1114 725 1283 810 indulgent

134 851 192 897 uec
215 832 383 898 lasciuiam
402 834 547 912 amantis,
572 833 628 898 sed
647 853 754 898 curam
779 833 916 916 parantis
941 833 1122 898 adsumunt.
1151 837 1184 897 at
1206 853 1280 898 uero

133 938 279 1004 homines
311 959 368 1004 neo
401 941 562 1022 conceptis
595 959 653 1004 uec
685 939 742 1004 deo
771 944 921 1023 parcunt:
953 940 1027 1004 illos
1056 940 1280 1014 contaminant,

104 1047 219 1110 ebunc
258 1051 449 1130 exasperant.
491 1049 727 1130 priusquam
770 1051 808 1112 te
849 1047 953 1130 inquit
990 1049 1205 1112 formarem
1241 1048 1280 1111 in

134 1155 385 1230 utero‚noui
414 1155 583 1218 tectio
616 1156 744 1220 uulua
765 1155 909 1220 matris
939 1155 1207 1220 sanctificaui
1231 1158 1279 1220 te.

134 1260 174 1324 ad
207 1259 415 1326 cohibendam
446 1261 654 1343 petulentiam
685 1265 775 1326 tuam
807 1279 918 1326 manus
953 1261 1104 1343 quasdam
1132 1260 1181 1324 tui
1208 1279 1320 1336 auc-c

133 1367 214 1432 toris
246 1369 278 1432 in
306 1371 397 1433 utero
425 1369 584 1433 bominem
613 1369 778 1434 formantis
802 1369 952 1433 aduertis.
981 1368 1035 1432 ille
1059 1371 1216 1450 operatur,
1250 1371 1282 1432 et

133 1481 170 1538 tu
199 1475 282 1539 sacri
308 1474 391 1540 uteri
420 1478 578 1540 secretum
606 1475 745 1540 incestas
773 1475 928 1541 libidine?
956 1476 1009 1540 uel
1033 1475 1186 1556 pecudem
1210 1475 1279 1538 imi-

92 1595 115 1634 10
133 1587 201 1646 tore
233 1582 287 1646 uel
319 1581 413 1646 deum
447 1601 564 1646 uenere.
596 1584 628 1645 et
656 1582 732 1664 quid
761 1582 798 1646 de
826 1581 1003 1664 pecudibus
1031 1583 1166 1664 loquar?
1198 1584 1282 1644 terra

132 1689 203 1771 ipsa
227 1709 246 1752 a
268 1687 438 1772 generandi
461 1707 553 1771 opere
577 1707 670 1771 saepe
693 1689 866 1770 requiescit
883 1691 925 1766 et,
950 1689 977 1752 si
995 1687 1162 1772 inpatienti
1181 1686 1281 1751 homi·

133 1813 209 1858 num
231 1792 338 1858 studio
357 1794 450 1858 iactis
470 1795 651 1876 frequenter
669 1794 845 1858 seminibus
864 1797 1045 1878 occupetur,
1063 1793 1280 1879 inpudentiam

132 1901 253 1964 multat
270 1899 437 1982 agricolae,
461 1900 688 1964 fecunditatem
708 1899 878 1965 sterilitate
897 1903 1069 1964 conmutat.
1088 1900 1133 1965 ita
1152 1900 1280 1982 quidam
1302 1914 1371 1968 1282
1389 1915 1414 1967 A

134 2007 166 2070 in
190 2007 270 2088 ipsis
296 2008 461 2072 elementis
486 2026 520 2072 ac
545 2007 718 2089 pecudibus
743 2007 781 2071 ab
806 2027 867 2072 usu
886 2025 947 2071 non
968 2025 1091 2072 cessare
1112 2007 1280 2091 generandi

34 2111 70 2172 45
94 2131 115 2167 ιε
134 2117 265 2178 naturae
292 2114 394 2197 pudor
426 2117 485 2180 est.
518 2115 630 2178 merito
655 2133 729 2198 ergo
759 2125 867 2178 sancta
898 2113 1041 2178 Elisabet
1073 2114 1280 2178 erubescebat

134 2219 280 2303 gratiam,
314 2219 375 2282 etsi
407 2238 467 2284 non
500 2223 741 2303 recognosceret
773 2221 908 2302 culpam.
940 2239 1013 2284 nam
1041 2219 1102 2284 etsi
1134 2220 1280 2302 concepit

134 2327 172 2390 de
191 2326 261 2390 uiro
276 2363 320 2374 -
335 2345 436 2410 noque
451 2326 533 2390 euim
549 2327 640 2390 aliter
655 2327 692 2390 de
711 2327 848 2392 hominis
869 2331 938 2391 ortu
956 2327 1005 2391 fas
1025 2329 1074 2390 est
1093 2326 1216 2390 credere
1235 2363 1278 2372 —

134 2437 239 2498 tamen
267 2435 378 2516 partus
407 2433 457 2498 sui
486 2433 692 2498 erubescebat
719 2435 865 2498 aetatem.
893 2436 925 2498 et
946 2451 1057 2498 rursus
1081 2433 1220 2498 caruisse
1244 2452 1278 2498 se

135 2539 294 2623 gaudebat
320 2539 504 2622 obprobrio;
528 2540 630 2622 pudor
653 2543 702 2604 est
726 2540 807 2604 euim
831 2539 957 2604 feminis
985 2539 1167 2623 nuptiarum
1191 2559 1278 2624 prae-

94 2645 199 2710 unia
230 2665 292 2711 uon
324 2646 449 2724 habere,
483 2645 599 2728 quibus
632 2645 710 2712 baec
742 2647 810 2710 sola
843 2649 893 2710 cst
920 2665 1015 2711 causa
1038 2646 1186 2710 nubendi.
1219 2647 1322 2715 bocB

1 2787 2 2834 p
136 2752 235 2838 igitur
258 2753 460 2836 obprobrium
484 2754 667 2817 consolatur
686 2754 734 2817 sui
755 2752 875 2836 pudore
895 2753 1068 2830 sublatum,
1093 2771 1129 2816 eo
1149 2751 1277 2834 pudore,

135 2863 173 2924 ut
204 2859 278 2938 dixi,
310 2859 395 2942 quod
422 2860 563 2942 pudebat
594 2879 662 2924 eam
690 2863 818 2943 propter
844 2863 990 2924 aetatem.
1024 2859 1108 2923 unde
1135 2859 1279 2943 intellegi

136 2969 244 3048 potest
262 2967 336 3049 quia
353 2967 416 3030 iam
435 2985 497 3030 nou
517 2967 745 3030 conueniebant
763 2967 845 3030 iuter
863 2985 897 3030 se
917 2966 1089 3032 concubitu
1104 2966 1277 3050 coniugali;

134 3092 234 3155 neque
264 3074 347 3136 enim
376 3091 515 3154 eaquae
544 3073 676 3137 senilem
704 3093 765 3137 non
794 3073 994 3138 erubesceret
1022 3072 1140 3136 coitum
1169 3072 1278 3136 erube·
1367 3067 1376 3085 '

226 3317 243 3369 2
262 3317 344 3385 Uerg.
363 3315 461 3385 Georg.
481 3315 593 3372 111136
648 3320 664 3372 5
683 3317 757 3371 Hier.
778 3317 801 3380 1,
821 3319 837 3372 5
896 3318 928 3371 19
948 3315 1015 3372 Gen.
1034 3317 1077 3380 30,
1097 3317 1131 3371 23

169 3443 185 3494 2
205 3457 271 3494 aruo
290 3439 342 3494 PL
361 3440 422 3494 aluo
440 3457 456 3509 γ
475 3445 506 3508 (a.
525 3443 573 3494 m2
591 3447 667 3506 aruo)
686 3447 733 3494 cet.
807 3445 963 3511 perceptum
982 3441 1013 3494 X
1030 3445 1088 3510 (per
1107 3456 1139 3494 ex
1157 3458 1221 3510 proc
1245 3441 1279 3508 V)

134 3532 151 3584 3
169 3535 199 3584 at
216 3533 275 3598 (m2
292 3531 323 3583 io
341 3547 397 3582 rua.
417 3547 450 3583 ex
468 3531 513 3599 ad)
532 3530 560 3582 P
648 3531 662 3583 7
683 3531 801 3584 auctoris
819 3531 860 3584 tui
883 3529 906 3584 0
993 3532 1009 3583 9
1029 3529 1145 3598 pecudes
1164 3531 1195 3584 X
1212 3533 1279 3597 (·em

135 3635 203 3672 corr.
227 3617 265 3684 V)
337 3617 443 3670 imitare
461 3618 481 3683 (i
496 3633 540 3686 pr.
560 3634 593 3670 ero
612 3635 626 3671 e
645 3621 701 3684 ord)
721 3618 748 3670 P
765 3619 891 3672 emittere
909 3618 936 3672 L
955 3619 1073 3672 ominare
1092 3617 1162 3672 Fet
1179 3619 1212 3689 (a.
1231 3621 1280 3672 m2

134 3707 295 3774 lemulure)
313 3725 339 3774 rr,
358 3707 475 3776 (imitare
495 3707 625 3772 corulV
691 3708 723 3762 10
741 3707 838 3777 loquor
856 3725 874 3758 α
891 3709 987 3776 loquor
1005 3713 1052 3761 cel.
1128 3707 1160 3762 13
1179 3707 1279 3762 multat

134 3797 233 3868 Bbe
250 3802 276 3850 et
293 3799 325 3864 (o,
343 3799 391 3848 m2
408 3799 521 3862 mactat)
540 3796 595 3850 ET
613 3795 700 3850 multa
718 3795 770 3848 PL
789 3796 873 3850 multe
895 3796 1027 3850 Gmutat
1047 3814 1065 3847 α
1162 3799 1194 3850 15
1213 3814 1277 3867 ergo

136 3873 180 3942 sca
198 3887 307 3955 Pergo
326 3873 473 3939 sedetiam
492 3885 520 3938 B
539 3901 601 3954 ergo
621 3885 703 3939 etium
723 3873 771 3939 scu
787 3891 834 3940 cet.
936 3885 968 3938 11
987 3885 1028 3939 ias
1049 3888 1091 3939 est
1109 3885 1141 3939 de
1160 3885 1277 3940 bominis

135 3981 228 4046 ortug
320 3975 353 4028 18
372 3991 401 4028 ee
420 3991 441 4030 o.
461 3991 489 4027 u.
508 3973 542 4040 L,
562 3975 664 4028 om.X
755 3977 787 4028 19
806 3974 966 4044 pudorisX
1036 3976 1069 4029 21
1090 3975 1280 4044 obprobrioP

170 4065 211 4118 rui
235 4063 346 4134 pudoris
369 4079 428 4117 esse
448 4062 491 4116 oo
598 4063 734 4118 sublatum
756 4065 783 4134 (o
802 4081 823 4117 a.
844 4081 887 4126 um
906 4066 963 4130 md)
986 4065 1019 4128 Ρ,
1044 4068 1071 4132 (u
1096 4063 1278 4130 altercator

170 4155 213 4222 eo]
234 4153 544 4220 scarponnae
565 4153 597 4219 0)
688 4155 722 4206 22
742 4170 795 4222 quo
814 4153 867 4206 PL
938 4171 986 4223 pro
1006 4157 1097 4206 aetate
1117 4171 1134 4204 α
1206 4153 1276 4208 uude

136 4247 163 4296 et
181 4243 208 4296 P
242 4243 277 4296 24
297 4259 365 4311 quae
385 4241 441 4296 anil
460 4245 502 4296 est
520 4243 549 4310 (i.
569 4259 591 4296 e.
610 4241 721 4311 anilem)
740 4243 768 4295 P
783 4243 874 4310 (anilis
895 4247 966 4296 esset
985 4247 1041 4306 m3)
1091 4249 1156 4310 poet
1175 4243 1276 4296 coitum

135 4348 201 4384 su.
220 4335 268 4386 m3
287 4331 352 4384 odd.
372 4331 478 4384 cumP
545 4330 735 4386 erubescetX
753 4332 773 4398 (i
791 4349 812 4386 c.
832 4349 846 4385 e
867 4337 925 4386 tert.
944 4331 979 4398 F,
1001 4349 1044 4384 erc
1065 4339 1078 4386 t
1097 4349 1118 4385 a,
1139 4336 1167 4386 ct
1184 4335 1231 4385 m2
1249 4335 1276 4396 π)
