3086 4938
285 483 425 553 Expositio
445 484 580 554 euangelii
599 484 687 538 Lucae
707 484 759 538 VII
779 483 920 539 las-182
938 487 1019 554 (1453
1039 485 1167 540 F-rasr
1186 486 1226 553 F).
1265 467 1330 552 363

186 681 321 744 fixum.
347 685 379 744 et
402 680 476 762 quia
495 679 604 744 docuit
622 699 763 764 premere
782 677 888 756 fidem,
908 678 1017 743 docuit
1033 683 1066 762 et
1084 681 1188 744 leuare
1209 680 1329 745 dicens:

189 807 289 850 nunc
315 787 397 850 enim
422 785 606 850 crucifixum
638 787 714 850 iam
748 803 820 850 non
855 785 1039 850 nouimus
1074 785 1247 850 Christum.
1284 806 1330 850 se-

188 893 345 957 minamus
369 897 475 958 autem
497 893 601 971 fidem,
621 913 694 958 cum
713 913 748 958 ex
769 893 933 978 euangelio
953 897 985 958 et
1003 893 1186 975 apostolicis
1207 912 1242 958 ac
1261 913 1330 976 pro·
1355 895 1376 951 C

126 1021 127 1025 ¹
187 999 323 1082 pheticis
341 1000 532 1065 lectionibus
552 999 710 1065 credimus
733 1001 764 1064 in
789 1001 907 1066 domini
927 1001 1117 1084 passionem.
1138 1001 1331 1090 seminamus

69 1135 71 1138 ·
157 1126 261 1190 sergo
285 1106 390 1183 fidem,
414 1126 486 1171 cum
512 1127 580 1171 eam
599 1111 691 1172 uelut
709 1107 832 1173 mollito
857 1113 888 1172 et
912 1108 1043 1172 subacto
1064 1107 1131 1174 solo
1157 1108 1332 1182 dominicae

189 1214 290 1278 carnis
314 1215 484 1297 operimus,
508 1219 545 1279 ut
569 1215 659 1298 quasi
692 1233 809 1296 uapore
833 1217 865 1280 et
889 1234 1060 1298 conpressu
1086 1216 1167 1280 sacri
1192 1213 1330 1298 corporis

190 1319 266 1384 tides
291 1339 324 1384 se
347 1321 418 1402 ipsa
436 1321 630 1386 disseminet.
652 1322 705 1403 qui
730 1321 813 1384 enirn
838 1319 1006 1385 crediderit
1028 1321 1148 1386 sactum
1172 1322 1331 1386 hominem

190 1426 240 1491 dei
276 1427 376 1491 filium
416 1427 514 1492 credit
556 1431 716 1492 mortuum
756 1447 826 1492 esse
863 1447 919 1510 pro
957 1428 1058 1496 nobis.
1097 1427 1196 1492 credit
1231 1417 1333 1492 resur-

189 1534 307 1598 rexisse
330 1553 385 1616 pro
409 1534 509 1600 nobis.
534 1535 653 1598 semino
689 1553 762 1619 ergo
796 1533 899 1610 fidem,
925 1554 997 1598 cum
1031 1535 1230 1616 sepulturam
1266 1534 1334 1598 eins

39 1634 434 1706 1821ninterseroquis
473 1641 553 1706 scire
591 1661 723 1725 granum
756 1639 918 1706 Christum
953 1645 985 1706 et
1018 1641 1208 1705 seminatum
1247 1639 1377 1705 Chri-I)

192 1751 299 1812 stum?
333 1749 413 1812 nisi
447 1767 609 1831 granum
643 1747 782 1812 tritici
820 1747 966 1812 cadens
1005 1748 1042 1811 in
1081 1745 1228 1812 terram
1262 1768 1333 1812 mo-

191 1854 333 1928 riatur,
371 1853 502 1935 ipsum
541 1855 672 1918 solum
709 1860 857 1929 manem
893 1855 926 1919 si
966 1859 1096 1919 autem
1134 1859 1333 1919 mortuum

192 1959 328 2038 tuerit,
361 1961 531 2024 multum
562 1961 739 2025 fructum
774 1961 917 2026 adfert.
950 1981 1022 2046 ergo
1056 1981 1114 2026 non
1148 1961 1334 2036 errauimus,

193 2067 266 2147 quia
290 2065 425 2130 diximus
451 2065 535 2148 quod
558 2065 627 2148 ipse
660 2067 721 2129 iam
756 2065 885 2130 dixerat.
920 2073 969 2131 est
1001 2073 1106 2131 antem
1141 2073 1171 2131 et
1203 2087 1334 2151 granum

146 2174 301 2251 scrinei,
335 2173 408 2255 quia
441 2172 608 2238 contirmat
635 2193 688 2239 cor·
716 2175 863 2252 hominis,
893 2179 925 2238 et
952 2194 1084 2258 granum
1109 2175 1237 2258 sinapis,
1263 2175 1336 2256 quia

194 2299 247 2344 cor
269 2279 406 2344 hominis
435 2279 587 2348 accendit.
618 2285 649 2344 et
672 2281 749 2346 licet·
771 2281 809 2344 ad
834 2282 940 2345 omnia
963 2287 1134 2364 utrumque
1159 2280 1335 2354 conueniat,

193 2386 319 2450 uidetur
354 2391 459 2451 tamen
494 2407 624 2472 granum
661 2387 770 2462 tritici,
805 2407 877 2452 cum
919 2389 956 2452 de
998 2389 1066 2452 eius
1108 2386 1337 2451 resurrectione

191 2496 359 2568 tractatum
394 2494 485 2575 panis
518 2495 600 2558 enim
633 2494 684 2558 dei
721 2499 780 2570 est,
814 2495 868 2576 qui
901 2495 939 2559 de
972 2495 1058 2559 caelo
1093 2493 1265 2570 descendit,
1300 2511 1335 2556 eo
1360 2497 1381 2550 t}

193 2599 277 2680 quod
310 2601 442 2664 uerbum
477 2601 526 2664 dei
559 2605 591 2665 et
622 2601 861 2666 resurrectionis
896 2601 1072 2683 exemplum
1107 2603 1229 2665 mentes
1262 2601 1336 2666 alat.

145 2724 173 2762 ²0
192 2725 280 2786 spem
305 2711 408 2782 acuat,
431 2705 536 2771 firmet
558 2707 729 2787 adfectum,
754 2728 887 2792 granum
911 2713 1017 2772 autem
1041 2708 1171 2790 sinapis,
1197 2707 1336 2789 eoquod

193 2813 325 2877 amarior
348 2821 380 2877 et
403 2813 503 2878 acrior
537 2833 638 2879 sonmo
664 2815 706 2880 sit
729 2815 767 2880 de
791 2814 909 2879 domini
941 2816 1098 2896 passione,
1132 2814 1266 2878 amarior·
1298 2813 1336 2876 ad

191 2919 339 2996 tiendum,
373 2920 473 2984 acrior
504 2920 542 2984 ad
576 2921 835 2986 conmouendum.
872 2921 978 3003 itaque
1012 2939 1084 2985 cum
1118 2920 1266 2984 audimus
1306 2925 1338 2983 et

191 3025 330 3110 legimns
372 3027 529 3091 ieiunasse
570 3027 743 3102 dominum,
786 3027 895 3092 sitisse
939 3027 1111 3104 dominum,
1153 3028 1336 3092 lacrimasse

192 3133 365 3212 dominum,
381 3135 550 3218 uapulasse
566 3133 738 3204 dominum.
759 3133 914 3198 dicentem
935 3135 1096 3199 dominum
1117 3135 1175 3200 sub
1195 3139 1336 3215 tempore

146 3268 172 3307 es
192 3241 362 3323 passionis:
398 3241 573 3324 uigilata
602 3245 642 3304 et
670 3245 790 3318 orate,
826 3261 870 3306 ae
898 3242 1071 3306 intretis
1096 3243 1133 3305 in
1157 3241 1335 3304 temtati-

193 3365 314 3424 onem,
338 3347 428 3412 uelat
450 3366 527 3413 suco
547 3347 709 3412 amarioris
728 3348 882 3411 sermonis
906 3347 1051 3430 increpiti
1077 3347 1232 3411 dulciores
1251 3347 1335 3410 iusto
1360 3357 1381 3410 F

281 3539 521 3608 anconam
579 3539 806 3607 1110h.1a,24
863 3541 895 3592 15
914 3539 958 3592 rs.
980 3539 1040 3606 roa,
1057 3537 1089 3591 16
1143 3537 1336 3602 aaronem

192 3629 447 3698 ausonianas,
467 3631 490 3697 a,
511 3629 569 3684 Ioh.
588 3632 614 3692 4,
635 3631 664 3692 n;
687 3630 727 3696 re,
747 3630 793 3694 aa
817 3629 860 3694 11,
880 3629 923 3694 aa,
943 3625 1335 3694 narc.rs‚1e,10n.ra,aa;

194 3720 271 3787 rea
325 3721 360 3772 as
379 3718 478 3772 natan.
498 3719 541 3784 ao,
560 3720 592 3772 41

230 3843 369 3898 leleaarc
388 3847 449 3910 (om.
470 3848 508 3910 et)
528 3845 558 3897 X
648 3845 753 3897 3exe.
772 3861 800 3898 u.
819 3842 846 3894 P
926 3843 967 3910 ae]
989 3845 1016 3895 et
1037 3841 1106 3912 ΟΧχ
1193 3837 1213 3895 ’5
1233 3837 1335 3894 domini

192 3933 279 3988 carnis
297 3933 350 3986 PL
400 3935 494 4002 'dipsa
513 3938 539 4002 (a
558 3949 591 3987 erc
609 3949 625 3986 a
643 3935 700 3998 nr2)
718 3931 746 3985 P
789 3930 964 4000 dereditque
984 3931 1195 4000 resurrexissep
1241 3931 1257 3984 9
1272 3937 1337 3998 poet

192 4023 271 4075 nobis
291 4022 356 4075 add.
376 4021 462 4075 credit
482 4021 635 4076 ascendisse
655 4038 701 4090 pro
720 4021 800 4074 nobis
820 4019 863 4072 aC
935 4020 967 4072 13
987 4017 1093 4072 adferet
1106 4017 1249 4072 PBGLX
1266 4025 1291 4072 et
1311 4032 1336 4071 re

193 4113 242 4168 att.
262 4111 389 4177 erae.)0
430 4111 462 4164 19
480 4115 632 4180 mentem-p
673 4110 707 4162 22
726 4109 765 4176 et]
787 4115 835 4162 ant
854 4109 902 4160 aX
937 4107 971 4161 23
991 4108 1081 4161 sitisse
1101 4106 1336 4161 dominumom.'a

192 4207 220 4255 et
230 4201 320 4254 sitisse
336 4205 398 4264 (ona.
409 4199 547 4252 dominnm
561 4199 714 4253 lacrimasse
729 4197 877 4264 dominum)
891 4196 944 4250 PL
980 4198 1015 4250 24
1028 4197 1170 4266 uapulasse
1186 4195 1335 4264 dominum]

192 4289 347 4344 lacrimasse
363 4289 405 4354 (in
419 4305 469 4357 mp.
482 4291 539 4354 md)
556 4305 586 4342 ac
600 4288 742 4356 uapulasse
753 4287 780 4362 Ρ
793 4294 821 4340 et
836 4285 979 4355 copulasse
989 4285 1015 4338 L
1066 4285 1214 4354 dominum]
1230 4298 1336 4354 quoqne

192 4394 252 4432 eam
272 4377 325 4431 PL
375 4379 409 4431 26
428 4377 560 4446 increpati
575 4377 653 4430 aGX
710 4375 921 4444 dulciorisP(c
941 4377 1026 4430 m3a.
1046 4375 1080 4438 is)
1100 4375 1127 4427 B
1145 4377 1198 4442 (·es
1217 4373 1336 4440 cor·r.)L
