3108 4932
164 379 166 384 '
227 425 291 488 270
701 421 898 475 Ambrosii

224 618 366 684 fontibus
405 617 528 682 auferas
565 617 709 681 usurario
748 617 884 699 quodam
921 617 1056 699 reparari
1093 619 1208 680 meatu.
1246 616 1303 681 sed
1341 620 1375 680 et

224 724 408 788 fluminibus
435 724 462 788 si
490 723 570 787 nihil
599 723 758 801 decedere,
786 723 865 788 nihil
889 725 994 788 tamen
1018 723 1146 788 uidetur
1169 723 1315 787 accedere
1340 727 1374 786 et

224 831 365 896 fontibus
393 833 430 894 ut
458 833 619 894 cumulata
646 831 765 894 fluenta
793 834 963 895 cernuntur
990 831 1045 907 ita,
1080 829 1153 893 dum
1187 829 1374 893 minuuntur

225 937 350 1016 fluenta,
383 937 566 1020 produntur.
604 940 637 1000 at
668 956 743 1002 uero
777 935 828 1000 hic
861 937 962 1018 panis,
996 955 1091 1019 quem
1120 936 1238 1020 frangit
1268 936 1372 1011 lesus,
1447 957 1476 1009 D

223 1043 357 1126 mystice
382 1043 511 1126 quidem
535 1043 585 1108 del
604 1044 736 1116 uerbum
758 1047 808 1107 est
827 1047 859 1107 ot
878 1063 981 1108 sermo
1001 1043 1039 1107 de
1059 1043 1196 1116 Christo,
1221 1041 1370 1125 quidum
1407 1065 1423 1106 c

225 1149 378 1214 diuiditur
396 1153 546 1234 augetur3
567 1149 605 1214 de
625 1151 735 1231 paucis
755 1151 837 1214 enim
858 1150 1056 1214 sermonibus
1076 1149 1223 1214 omnibus
1243 1147 1372 1231 populis

224 1257 451 1321 redundantem
489 1256 669 1320 alimoniam
707 1256 911 1320 ministrarit.
954 1257 1041 1321 dedit
1082 1275 1242 1321 sermones
1279 1256 1372 1320 uobis

224 1363 314 1427 uelut
338 1383 444 1445 panes,
470 1363 523 1444 qui
548 1363 578 1426 in
603 1367 711 1426 nostro
737 1362 812 1426 dum
831 1363 971 1427 libantur
990 1381 1042 1427 ore
1062 1362 1270 1447 geminantur.
1294 1362 1372 1426 uisi·

224 1470 332 1533 bilitor
361 1488 485 1551 quoque
513 1470 602 1550 panis
630 1470 691 1534 isto
724 1469 901 1534 incredibili
933 1470 1063 1550 ratione,
1097 1469 1173 1534 dum
1204 1469 1370 1554 frangitur,

226 1576 300 1640 dum
324 1575 488 1654 diuiditur,
513 1577 588 1640 dum
612 1575 725 1653 editur,
750 1577 818 1640 siue
842 1577 907 1639 ulla
925 1575 1083 1658 dispendii
1101 1576 1369 1658 conprehensioue
1391 1597 1424 1638 ro
1446 1587 1470 1642 Ε

159 1687 199 1749 87
226 1683 415 1746 cumulatur.
449 1699 505 1745 nec
539 1680 665 1745 dubites
694 1683 747 1746 uel
775 1681 859 1764 quod
886 1682 917 1745 in
947 1682 1091 1746 inanibus
1120 1681 1369 1746 ministrantium

225 1791 277 1853 uel
297 1790 327 1852 in
348 1807 399 1852 ore
419 1788 579 1851 edentium
599 1788 689 1851 cibus
710 1793 841 1866 crescat,
867 1788 989 1869 quando
1010 1787 1127 1869 ubique
1147 1788 1246 1851 nostri
1265 1787 1370 1869 operis

225 1895 443 1960 testimonium
472 1894 511 1958 ad
540 1895 771 1959 firmamentum
802 1894 998 1962 credulitatis
1031 1894 1227 1960 adsciscitur.
1260 1894 1306 1958 sic
1336 1893 1369 1956 in

225 2001 345 2083 nuptiis
379 2021 414 2065 er
446 2001 587 2066 lontibus
619 2002 693 2065 uiua
720 2001 874 2066 ministris
903 2001 1104 2084 operantibus
1133 2001 1312 2065 colorantur
1340 2004 1373 2065 et

225 2109 288 2191 ipsi
312 2108 365 2191 qui
389 2108 587 2191 inpleueraut
610 2108 736 2190 hydrias
762 2127 843 2189 aqua
867 2107 978 2172 uinum
1003 2108 1087 2190 quod
1110 2125 1170 2172 non
1195 2107 1374 2171 detulerant
1392 2130 1423 2170 rs

225 2215 421 2280 hauriebant.
452 2215 678 2297 occumbendo,
708 2215 734 2278 si
758 2217 860 2296 poteo,
888 2217 976 2278 tanta
1003 2234 1107 2280 rerum
1131 2213 1293 2278 miracula.
1319 2213 1371 2278 liic

225 2321 390 2386 edentibus
418 2322 545 2404 populis
580 2325 726 2386 crescunt
758 2321 824 2384 suis
855 2321 1031 2405 fragments
1063 2320 1236 2402 dispendiis
1269 2323 1302 2384 et
1333 2319 1371 2383 de

226 2428 364 2510 quinque
378 2428 512 2510 panibus
528 2428 662 2492 maiores
676 2427 829 2509 reliquiae
845 2447 937 2509 quam
955 2446 1080 2490 summa
1099 2428 1149 2490 est
1167 2424 1371 2508 colliguntur,
1445 2435 1471 2488 F

225 2535 292 2598 illic
315 2534 347 2600 in
371 2533 506 2597 alienam
532 2535 669 2616 speciem
695 2537 862 2597 uertuntur
885 2533 1040 2597 elementa
1065 2551 1120 2597 uec
1149 2551 1224 2597 suos
1251 2531 1373 2614 patitur

226 2645 337 2704 natura
360 2640 501 2704 deiectus
524 2659 581 2706 nec
606 2660 681 2705 suos
705 2640 851 2723 agnoscit
879 2644 977 2714 ortus,
1002 2659 1080 2704 usus
1104 2643 1208 2703 tamen
1228 2637 1424 2720 propriosne

225 2745 436 2829 recognoscit.
466 2746 540 2829 quin
569 2747 665 2810 etiam
693 2746 805 2810 melior
833 2749 883 2810 est
910 2746 1025 2810 mutati
1052 2746 1117 2810 uiui
1144 2751 1253 2810 natura
1276 2763 1371 2826 quarn

227 2851 301 2928 nati,
334 2852 408 2933 quia
435 2851 467 2915 iu
496 2851 624 2916 arbitrio
654 2853 803 2916 creatoris
832 2855 941 2916 estet
969 2872 1048 2934 quos
1077 2871 1155 2916 usus
1184 2851 1264 2915 uelit
1290 2851 1373 2914 adsi·

226 2977 320 3042 gnare
340 2958 461 3021 naturis
482 2963 513 3022 et
532 2977 609 3041 quas
629 2963 756 3024 naturas
776 2959 925 3041 inpertire
945 2958 1122 3042 gignendis.
1146 2957 1220 3021 uide
1244 2957 1371 3039 quantis

227 3063 372 3146 operibus
402 3083 482 3145 opus
511 3065 664 3131 adstruat.
698 3065 773 3130 dum
802 3085 915 3147 aquam
943 3066 1088 3130 minister
1114 3063 1262 3142 iufundit,
1295 3063 1373 3128 odor

226 3171 405 3234 transfusus
442 3170 585 3246 inebriat,
626 3173 712 3236 color
743 3176 885 3236 mutatus
918 3171 1076 3248 informat,
1114 3171 1208 3234 fidem
1245 3189 1420 3252 quoquere

161 3285 201 3348 88
226 3296 320 3359 sapor
350 3276 485 3340 haustus
514 3277 705 3342 adcumulet.
737 3278 898 3343 conterant
925 3278 1070 3361 gentiles,
1099 3277 1126 3342 si
1153 3279 1268 3360 placet,
1297 3295 1370 3340 cum

228 3382 345 3448 Christi
368 3383 528 3448 beneficiis
554 3384 682 3448 deorum
707 3403 835 3448 suorum
861 3403 920 3448 uon
949 3385 1043 3460 facta,
1074 3384 1129 3448 sed
1157 3383 1237 3448 licta.
1265 3383 1372 3447 ferunt
1445 3397 1545 3452 1405.

226 3493 309 3554 certe
333 3509 440 3554 eorum
464 3490 590 3554 fabulae
614 3490 714 3556 luisse
737 3511 844 3576 regem
865 3491 1031 3573 quendam,
1057 3490 1111 3573 qui
1131 3490 1285 3572 quidquid
1304 3493 1371 3552 tan-

226 3597 320 3681 gebat
343 3616 454 3661 aruum
478 3597 582 3661 fiebat.
613 3597 787 3662 sedetiam
817 3598 964 3663 conuiuia
987 3598 1058 3679 ipsa
1084 3596 1207 3674 ler·alia;
1237 3616 1309 3660 nam
1338 3599 1372 3659 et

315 3893 347 3946 1a
366 3893 425 3946 rou.
445 3894 470 3960 a,
490 3895 505 3947 c
525 3910 584 3962 sqq.
639 3894 672 3947 21
693 3893 750 3948 rou.
771 3894 795 3958 a,
818 3895 850 3948 10
905 3893 940 3947 aa
960 3893 1040 3948 ouo.
1059 3894 1124 3948 uqa
1143 3894 1182 3947 ru
1204 3895 1254 3949 ror
1273 3911 1332 3964 sqq.

262 4051 511 4118 lmeatumP(m
532 4053 582 4106 cll.
602 4052 718 4120 escis
777 4052 957 4106 succederet
978 4053 1031 4107 CX
1048 4053 1210 4107 decederent
1230 4054 1256 4107 G
1330 4054 1369 4106 ui·

224 4141 320 4194 deatur
338 4140 389 4192 PL
445 4141 477 4192 12
498 4141 573 4194 cibus
592 4159 642 4194 ora.
663 4141 755 4206 PBL;
775 4143 810 4209 ef.
831 4145 894 4210 271,
916 4146 935 4194 8
992 4145 1023 4194 15
1043 4143 1134 4212 ipsis.
1154 4159 1181 4196 u.
1202 4143 1234 4206 P,
1255 4158 1325 4196 orca.
1347 4144 1371 4197 (J

223 4230 258 4283 20
277 4230 418 4295 cognoscit
436 4229 467 4282 X
537 4246 600 4282 usus
620 4229 686 4296 Pto
707 4231 755 4282 cli.
775 4235 855 4296 eros)
928 4232 1036 4300 proprio
1055 4231 1108 4284 PL
1162 4231 1193 4284 21
1211 4231 1369 4300 meliores]t

224 4321 247 4384 lt
266 4317 330 4372 add.
350 4320 405 4383 ²712)
424 4317 592 4370 Pmoliores
612 4319 637 4370 L
692 4319 726 4370 22
747 4334 814 4386 quos
834 4321 856 4384 (s
875 4336 897 4374 s.
916 4323 954 4385 a.)
973 4321 1000 4373 P
1053 4321 1087 4374 26
1108 4327 1203 4390 gentes
1222 4321 1254 4372 X
