3042 4918
257 387 373 450 XXXX
717 375 934 431 Praefatio.

257 580 410 645 traditum
428 581 553 643 strenue
569 576 644 639 dum
659 573 861 639 Vindobonae
876 577 1025 652 moratur,
1046 578 1213 656 postquam
1231 576 1400 642 Graeciam

257 683 497 770 transmigrauit
523 683 633 746 morbo
657 682 688 744 in
714 680 780 744 dies
803 681 1044 764 ingrauescente
1072 681 1166 764 paulo
1190 683 1307 748 lentius
1331 704 1402 766 pro-

258 793 369 857 mouit.
391 811 461 856 cum
483 809 508 855 a.
530 789 557 852 d.
577 788 640 852 XII
658 787 730 851 Kal.
750 785 819 850 Oct.
838 787 921 851 diem
941 795 1124 869 supremum
1144 789 1233 865 obiit,
1253 790 1402 872 plagulae

257 899 361 982 operis
381 897 518 962 sedecim
536 896 621 979 typis
641 913 814 976 expressae,
834 897 898 958 tres
923 892 1038 978 (usque
1059 894 1096 958 ad
1116 895 1401 978 undeuicesimum)

256 1007 319 1071 iarn
353 1005 390 1068 ab
425 1003 527 1085 operis
561 1001 754 1084 compositae
788 1004 820 1064 et
851 999 982 1083 abipso
1013 1001 1195 1065 emendatae
1224 1005 1321 1066 erant.
1352 1002 1401 1065 his

256 1111 456 1194 perlustratis
476 1129 548 1174 cum
568 1109 786 1172 ohsemassem
806 1109 838 1171 et
855 1107 886 1170 in
907 1107 1107 1171 adnotatione
1127 1107 1236 1171 critica
1250 1109 1403 1173 nonnulla

257 1239 318 1284 uon
341 1220 426 1282 recte
449 1217 586 1280 iudicata
609 1233 678 1278 esse
698 1217 730 1277 ot
748 1213 873 1278 omniuo
893 1213 924 1277 in
944 1213 1094 1277 librorum
1115 1215 1401 1297 manuscriptorum

257 1324 299 1409 (si
321 1324 354 1386 A
377 1327 409 1388 et
432 1323 463 1386 P
484 1319 655 1407 exceperis)
677 1319 866 1385 lectionibus
891 1320 1067 1385 adferendis
1091 1321 1223 1385 nimium
1252 1322 1403 1386 breuitati

259 1430 421 1496 studuisse
445 1430 550 1493 uirum
575 1427 749 1512 egregium,
772 1429 840 1491 toto
871 1446 963 1510 opere
992 1446 1063 1492 com
1093 1429 1254 1510 exemplis,
1278 1429 1309 1492 iu
1334 1429 1403 1510 qui-

258 1537 318 1601 hus
347 1535 695 1616 codicum-scripturae
724 1533 937 1616 discrepantes
966 1534 1132 1600 adnotatae
1161 1537 1258 1612 eraut,
1286 1535 1402 1599 iterum

259 1644 373 1708 collato
395 1643 527 1706 schedas
547 1641 730 1724 typothetae
748 1641 885 1704 nondum
907 1641 1039 1704 traditas
1059 1641 1239 1716 retractaui
1256 1641 1405 1724 plagulas

261 1751 359 1813 1718
382 1751 422 1813 19
443 1753 598 1831 quatenus
623 1747 787 1812 commode
814 1747 882 1810 fieri
901 1749 1025 1830 poterat
1049 1748 1166 1812 correxi
1190 1749 1222 1812 et
1244 1749 1404 1831 supplem,

260 1875 295 1919 ea
324 1859 430 1920 autem
460 1874 538 1936 quae
566 1855 598 1918 in
625 1853 764 1937 plagulis
792 1854 854 1918 iam
883 1853 1048 1936 impressis
1077 1855 1195 1919 omissa
1220 1854 1403 1918 autminus

258 1967 342 2026 recte
367 1963 585 2026 administrata
608 1979 677 2025 esse
702 1960 900 2039 uidebantur,
925 1979 987 2024 una
1011 1979 1082 2024 cum
1103 1961 1253 2025 addendis
1273 1961 1403 2042 quihus-

259 2069 329 2132 dam
364 2073 396 2133 et
429 2067 621 2153 corrigendis
654 2069 684 2131 in
718 2067 929 2132 adnotationis
963 2067 1182 2149 supplemento
1212 2069 1286 2132 huic
1312 2069 1404 2130 uedu-

259 2175 336 2238 mini
365 2174 513 2239 adiuncto
542 2175 698 2258 congessi.
736 2173 829 2237 istam
868 2173 966 2259 igitur
1002 2174 1206 2256 appendicem
1239 2173 1406 2238 consulant

260 2297 377 2362 quaeso
410 2281 601 2362 quicumque
633 2279 692 2343 hac
731 2278 868 2344 editione
906 2279 952 2342 uti
991 2279 1131 2360 cupiunt.
1169 2280 1201 2342 in
1234 2299 1266 2344 re
1300 2279 1403 2343 ortho-

261 2387 418 2470 graphica,
444 2387 505 2451 etsi
528 2387 665 2450 rationes
689 2405 766 2467 quas
790 2391 878 2468 pater
896 2405 986 2450 meus
1007 2389 1136 2450 secutus
1162 2388 1294 2450 estnon
1319 2386 1403 2449 omni

260 2511 295 2555 ex
319 2495 406 2572 parte
429 2492 561 2573 probare
580 2511 722 2574 possum,
742 2490 779 2554 ab
799 2491 839 2554 iis
858 2509 938 2572 quae
958 2491 1007 2554 uir
1026 2492 1171 2575 egregius
1196 2491 1405 2556 constituerat

260 2599 367 2663 codice
392 2597 423 2660 P
443 2598 629 2679 plerumque
652 2597 683 2660 in
708 2597 817 2660 haere
836 2601 997 2678 tamquam
1017 2597 1096 2660 duce
1116 2597 1215 2661 electo
1234 2598 1280 2661 ita
1297 2601 1403 2662 tamen

260 2707 297 2768 ut
320 2722 379 2768 uon
404 2704 521 2786 ubique
541 2704 603 2768 sibi
622 2706 790 2782 constaret,
809 2703 888 2767 nihil
906 2703 1032 2780 nonani,
1052 2723 1091 2766 ue
1109 2703 1277 2768 immutata
1296 2705 1403 2768 suhito

259 2811 356 2875 facies
380 2811 554 2876 uoluminis
572 2810 746 2896 legentium
766 2809 937 2874 offenderet
955 2809 1076 2874 animos
1095 2811 1318 2894 prolegomena
1336 2811 1404 2892 ipse

261 2916 367 2979 addidi
390 2917 430 2980 iis
454 2935 532 2980 usus
558 2935 636 2999 quae
660 2917 691 2980 in
716 2915 876 2982 schedulis
899 2919 988 2997 pater
1011 2935 1101 2980 meus
1130 2915 1346 2994 adootauoral,
1370 2917 1400 2981 in

261 3023 377 3104 quibus
411 3027 516 3088 tamen
550 3024 702 3089 nonnulla
738 3024 856 3088 frustra
887 3023 1031 3104 quaesiui
1064 3042 1143 3105 quae
1175 3023 1226 3087 uir
1257 3025 1405 3107 egregius

262 3130 362 3192 multa
390 3129 573 3194 memoriter
600 3133 704 3194 mente
732 3129 901 3211 complecti
930 3129 1044 3193 solitus
1078 3129 1194 3193 chartis
1226 3149 1286 3194 nou
1320 3150 1404 3194 mau-

262 3236 403 3299 dauerat.

307 3341 340 3404 In
360 3345 428 3407 toto
450 3362 542 3424 opere
560 3342 748 3425 perficiendo
773 3343 856 3407 sicut
878 3345 999 3426 patrem
1024 3343 1099 3406 dnm
1123 3343 1204 3407 inter
1227 3341 1321 3406 uiuos
1344 3343 1406 3406 fuit

261 3448 418 3513 indefesso
443 3449 549 3513 studio
573 3450 706 3525 adiuuit,
724 3451 769 3514 ita
787 3450 866 3514 mihi
885 3468 1009 3530 quoqne
1028 3449 1177 3513 auxilium
1199 3451 1293 3530 atque
1313 3468 1403 3531 opem

261 3555 338 3618 tulit
360 3555 410 3619 uir
433 3556 635 3621 doctissimus
659 3556 800 3638 mihique
828 3555 1042 3621 amicissimus
1069 3555 1106 3619 A.
1136 3555 1403 3639 Engelhrecht‚

264 3681 357 3744 quom
387 3663 503 3744 optime
532 3663 570 3726 de
597 3663 657 3728 hoc
684 3663 845 3728 uolumine
873 3662 1023 3726 meritum
1052 3681 1121 3726 esse
1154 3661 1265 3726 libenti
1301 3661 1404 3725 auimo

263 3769 420 3848 profiteor.

886 3941 1080 4023 Hemieus
1110 3939 1298 4022 Sohouhl.
