3086 4938
222 415 286 478 320
695 412 891 465 Ambrosii

223 606 306 688 quod
330 609 509 688 frequenter
532 607 610 672 deus
635 607 704 673 ideo
729 627 789 672 non
814 609 966 674 concedat
990 615 1107 686 oratus,
1137 609 1220 692 quod
1243 609 1371 674 inutilia

223 713 341 776 iudicet
365 731 444 794 quae
468 733 524 777 nos
548 715 712 798 profutura
735 714 910 779 credamus.

157 819 196 881 91
269 818 383 883 Omne
421 838 573 904 regnum
606 819 641 884 in
680 841 717 884 se
755 821 877 903 ipsum
916 821 1080 886 diuisum
1121 821 1370 886 desolabitur.
1438 824 1461 877 Ε

134 945 167 999 n,
183 945 320 991 neausa
344 926 421 990 dieti
444 927 538 991 huius
564 947 600 991 ea
624 931 682 1003 est,
711 929 795 1010 quod
823 929 853 992 in
883 929 1043 994 Belzebub
1076 929 1216 1011 principe
1245 928 1371 992 daemo-

223 1034 345 1097 niorum
384 1033 483 1098 eicere
526 1034 690 1098 daemonia
731 1035 903 1112 dicebatur,
941 1037 977 1099 ut
1018 1034 1197 1100 ostenderet
1236 1054 1370 1118 reguum
1403 1057 1416 1094 ε

224 1159 315 1204 suurn
348 1139 548 1206 indiuiduam
587 1160 657 1206 esse
694 1145 788 1224 atque
827 1147 1022 1224 perpetuum.
1061 1141 1236 1224 meritoque
1275 1141 1372 1204 etiam

224 1247 326 1310 Pilato
355 1248 534 1329 respondit:
564 1268 716 1331 regnum
743 1268 861 1313 meum
886 1269 956 1312 non
980 1253 1038 1314 est
1061 1249 1103 1312 de
1128 1250 1195 1313 hoo
1224 1249 1370 1312 mundo.

225 1357 256 1417 et
278 1353 349 1416 ideo
376 1355 430 1435 qui
453 1373 514 1418 non
539 1355 568 1418 in
595 1355 720 1420 Christo
746 1376 833 1439 spem
857 1361 982 1440 gerunt,
1007 1355 1063 1420 sed
1086 1356 1117 1419 in
1141 1355 1280 1438 principe
1300 1356 1371 1418 dae-

224 1459 402 1524 moniorum
427 1459 486 1523 eici
511 1460 677 1524 daemones
702 1463 879 1542 opinantur,
904 1481 957 1526 eos
981 1462 1069 1546 regni
1093 1463 1186 1544 negat
1211 1479 1280 1524 esse
1304 1481 1370 1543 per·

225 1565 322 1650 petui.
349 1565 432 1646 quod
457 1569 580 1649 spectat
603 1567 641 1630 ad
670 1568 823 1650 populum
846 1568 1046 1646 Iudaeorum,
1074 1569 1128 1649 qui
1151 1567 1372 1632 huiuscemodi
1393 1569 1461 1628 roF

224 1672 426 1754 passionibus
455 1673 494 1736 ad
518 1673 718 1738 daemonium
743 1674 918 1738 eiciendum
942 1674 1098 1739 daemonii
1122 1677 1263 1738 arcessat
1287 1676 1372 1738 auxi-

224 1779 312 1842 lium
328 1797 399 1842 nam
415 1779 679 1860 quemadmodum
695 1784 810 1861 potest,
827 1799 897 1844 oum
913 1780 991 1844 fides
1007 1780 1178 1856 scindatur,
1195 1784 1226 1844 et
1239 1800 1371 1864 regnum

226 1904 349 1948 manere
374 1884 538 1949 diuisum?
562 1887 676 1950 etenim
702 1905 773 1950 cum
798 1907 828 1950 1n
853 1887 922 1970 lege
948 1888 991 1951 sit
1014 1887 1152 1970 populus
1171 1887 1370 1960 ludaeorum,

226 1991 372 2057 Cluistus
397 2011 523 2074 quoque
547 1993 720 2058 secundum
740 2013 862 2058 carnem
883 1994 1007 2078 exlege
1027 1997 1194 2078 generatus
1220 1994 1271 2070 sit,
1297 2013 1372 2074 quo·

225 2098 318 2162 modo
342 2102 449 2180 potest
472 2118 603 2182 regnum
622 2100 812 2164 Iudaeorum
832 2120 902 2164 esse
920 2103 1119 2182 perpetuum,
1144 2099 1228 2181 quod
1247 2100 1371 2182 exlege
1392 2122 1419 2159 rs

227 2209 286 2282 est,
315 2223 387 2269 cum
415 2205 552 2288 populus
581 2205 648 2287 ipse
673 2205 794 2269 diuidat
817 2207 931 2289 legem,
961 2206 1085 2286 qrrando
1110 2205 1231 2288 elegis
1256 2206 1372 2287 populo

225 2314 316 2376 Iesus
349 2316 492 2396 negatur,
526 2313 579 2394 qui
613 2332 648 2376 er
680 2313 750 2395 lege
784 2313 935 2376 debetur?
967 2313 1012 2376 ita
1044 2333 1079 2376 ex
1111 2317 1199 2394 parte
1233 2332 1266 2377 se
1296 2311 1371 2375 rides

227 2419 392 2482 ludaeioae
415 2418 518 2500 plebis
542 2419 696 2502 inpugnat
724 2423 756 2482 et
783 2419 983 2502 inpugnaudo
1012 2419 1173 2494 diuiditur,
1203 2417 1371 2482 diuidendo

228 2527 424 2590 dissoluitur.
454 2535 484 2590 et
511 2525 580 2589 ideo
604 2544 736 2608 regnum
761 2527 913 2590 eeclesiae
937 2527 1076 2590 manebit
1099 2532 1270 2596 aeternum.
1299 2525 1373 2607 quia

228 2632 394 2695 indiuidua
412 2631 502 2706 fides,
527 2650 641 2714 corpus
661 2636 840 2706 estunun1;
865 2653 960 2696 unus
986 2633 1080 2696 enim
1102 2633 1281 2706 dominae,
1302 2651 1373 2695 una
1390 2654 1420 2695 eo
1444 2644 1536 2697 143‘32

227 2738 337 2805 sides.
363 2759 474 2802 unum
498 2738 693 2820 baptisma,
718 2759 813 2804 unus
838 2739 928 2803 deus
948 2745 984 2803 et
1003 2742 1109 2820 pater
1128 2739 1289 2803 omnium
1310 2737 1371 2820 qui

162 2843 202 2904 92
229 2865 344 2928 super·
373 2863 498 2908 omnes
527 2848 564 2908 et
591 2865 654 2926 per·
683 2864 808 2910 omnes
838 2845 937 2909 etin
966 2847 1146 2910 omuibus.
1179 2847 1295 2928 quanta
1322 2845 1373 2908 irio

228 2951 374 3035 sacrilegi
397 2951 511 3016 luroris
542 2953 688 3027 amentia,
718 2957 755 3016 ut
778 2972 849 3017 curn
874 2953 924 3016 dei
948 2953 1032 3016 filius
1057 2953 1095 3015 ad
1118 2951 1287 3016 inmundos
1311 2951 1372 3033 spi-

226 3059 308 3122 ritus
333 3059 536 3123 conterendos
561 3064 591 3123 et
610 3060 649 3124 ad
668 3060 831 3124 manubias
851 3059 999 3123 mundani
1019 3059 1169 3142 principis
1188 3057 1373 3122 auferendas

228 3165 403 3245 susceperit
426 3183 549 3230 carnem
570 3171 601 3230 et
620 3167 825 3230 destruendae
844 3166 1003 3248 nequitiae
1022 3165 1173 3248 spiritalis
1192 3164 1372 3228 hominibus
1391 3185 1420 3226 25

318 3323 410 3376 rna.
433 3281 473 3383 re,
493 3325 527 3378 aa
653 3287 688 3378 la
711 3323 788 3376 nom.
813 3325 837 3390 o,
863 3325 878 3377 3
903 3341 942 3392 sq.
1069 3323 1103 3378 eo
1126 3323 1227 3393 mnes.
1250 3324 1276 3388 4,
1297 3325 1312 3376 5
1331 3339 1371 3391 sq.

229 3411 262 3464 25
282 3412 381 3482 Ephes.
401 3413 426 3477 6,
448 3413 481 3464 12

265 3521 280 3573 3
300 3527 365 3588 post
388 3519 557 3574 desolabitur
581 3519 645 3573 odd.
670 3523 698 3572 et
721 3518 816 3572 domus
840 3535 921 3588 supra
944 3517 1051 3571 domum
1070 3518 1150 3572 carlet
1170 3515 1193 3571 0
1210 3523 1234 3570 el
1253 3521 1314 3582 (ona
1334 3520 1372 3583 et)

228 3610 259 3662 in
278 3627 328 3679 inp.
349 3607 394 3662 aad
418 3607 443 3662 V
476 3607 625 3662 lbezebul
646 3607 673 3673 (b
692 3624 725 3661 ee
742 3606 752 3660 l
771 3611 827 3673 rn3)
847 3608 873 3660 P
890 3606 1038 3660 beelzebub
1058 3605 1176 3676 αΒΕ-(Τ
1193 3603 1324 3676 belzebub
1345 3605 1373 3658 G

266 3698 415 3767 principem
434 3697 589 3750 AFLVet
608 3701 644 3762 (m
664 3697 745 3761 eros.)
764 3696 868 3750 BOa.
926 3696 1062 3764 deiecere
1082 3695 1109 3748 P
1187 3694 1373 3763 bmeritoque

229 3792 291 3857 (que
310 3803 331 3841 s.
350 3791 389 3852 u.)
409 3787 437 3840 P
506 3786 522 3838 8
541 3787 689 3854 principem
709 3785 738 3838 F
755 3792 779 3839 et
799 3789 835 3852 (nr
855 3790 935 3842 erres.)
951 3785 1081 3838 ΡΒΟπῑ1
1127 3785 1143 3838 9
1163 3783 1308 3853 opinantur
1327 3784 1373 3835 Aa

229 3876 373 3946 opinentur
392 3881 437 3930 ael.
458 3879 564 3944 (antur
583 3879 629 3928 m2
648 3873 756 3942 PFOa)
859 3874 891 3928 10
910 3873 1063 3927 huiusmodi
1084 3875 1110 3925 A
1208 3873 1236 3926 ll
1260 3871 1373 3926 arcessit

230 3965 328 4017 PaBL
386 3965 417 4017 12
436 3964 502 4018 fides
521 3967 546 4028 (e
565 3981 598 4017 cx
616 3963 625 4016 i
644 3965 700 4030 md)
719 3964 746 4016 P
803 3962 956 4016 *scindatur
975 3963 994 4030 (i
1013 3963 1043 4015 iu
1064 3963 1129 4027 roe.)
1148 3964 1176 4015 et
1195 3963 1220 4014 A
1240 3959 1374 4014 scinditur

231 4053 261 4106 X
277 4051 416 4106 scindatur
434 4058 481 4107 cel.
548 4050 744 4106 muranum
765 4049 809 4103 αθ
825 4055 849 4104 et
868 4051 995 4116 ainau.)
1013 4051 1048 4112 A,
1069 4051 1148 4104 rudo
1209 4051 1241 4102 15
1260 4063 1373 4117 regnum

230 4146 357 4212 potestp
463 4143 494 4194 18
514 4139 651 4194 indecisae
670 4140 696 4192 A
715 4139 838 4192 iudaicae
857 4144 904 4194 cel.
1015 4140 1047 4192 19
1066 4139 1094 4191 in
1114 4143 1254 4191 aeteruum
1272 4135 1375 4190 PaLX

231 4233 264 4284 22
283 4248 332 4300 per
350 4229 440 4284 omnia
458 4229 566 4284 PBFO
584 4245 631 4298 per
647 4217 711 4282 buia
730 4233 757 4293 (a
775 4229 806 4281 in
826 4231 890 4294 aar.)
910 4246 927 4278 a
981 4229 1015 4282 23
1036 4227 1171 4296 sacrilegii
1189 4227 1215 4279 A
1234 4223 1374 4294 sacrilegis

234 4322 299 4376 Oet
320 4323 343 4376 (s
362 4323 478 4387 sraela
