3112 4936
225 433 287 496 168
709 429 903 484 Ambrosii

222 625 430 707 praetermitti
454 627 511 692 illa
534 645 613 709 quae
636 625 813 691 mobilitate
837 627 940 712 magis
964 627 1060 692 animi
1089 647 1182 710 quam
1209 629 1369 711 prauitate

157 730 198 792 58
223 735 419 815 peccauerat.
436 733 567 798 sabbato
583 733 757 798 medicinae
773 733 949 798 dominicae
965 753 1059 817 opere
1074 737 1186 818 coepta
1201 735 1368 819 significat

147 849 207 900 131
223 840 260 902 ut
277 839 349 902 inde
370 858 451 904 noua
470 842 613 904 creatura
633 839 781 922 coeperit,
801 840 856 904 ubi
876 843 970 904 uetus
991 842 1134 906 creatura
1157 843 1228 906 ante
1248 840 1368 906 desiuit

223 963 279 1009 nec
304 945 456 1030 sublege
481 965 550 1012 esse
574 946 624 1010 dei
648 946 759 1022 filium,
793 946 848 1012 sed
873 966 968 1029 supra
996 949 1099 1031 legem
1127 947 1159 1012 in
1187 949 1256 1031 ipsc
1284 949 1366 1032 prin·

222 1051 304 1134 cipio
329 1051 508 1136 designaret
531 1072 587 1118 nec
611 1052 693 1118 solui
716 1055 830 1137 legem,
856 1053 912 1119 sed
929 1053 1053 1137 inpleri.
1079 1073 1179 1136 neque
1203 1055 1286 1120 enirn
1310 1074 1367 1138 per
1399 1079 1413 1118 s

221 1157 335 1242 legem,
368 1158 424 1224 sed
449 1160 544 1224 uerbo
567 1159 671 1224 factus
696 1164 744 1224 est
767 1159 913 1238 mundus
945 1161 1030 1225 siout
1052 1160 1203 1244 legimus:
1242 1163 1364 1226 inorbo
1435 1169 1462 1223 B

223 1263 374 1329 domini
405 1265 509 1329 caeli
538 1265 696 1330 firmati
725 1269 827 1331 sunt.
859 1287 920 1332 non
949 1267 1087 1332 soluitur
1114 1286 1187 1352 ergo
1216 1268 1275 1344 lex,
1309 1266 1365 1332 sed

222 1371 370 1452 inpletur,
395 1374 432 1435 ut
453 1370 510 1436 fiat
532 1372 692 1437 renouatio
717 1373 851 1437 hominis
874 1374 938 1438 iam
960 1374 1106 1439 labentis.
1130 1373 1212 1438 uude
1236 1379 1268 1438 et
1291 1392 1366 1456 apo-

224 1478 326 1542 stolus
351 1477 409 1542 ait:
435 1478 717 1560 exspoliantes
742 1498 813 1544 uos
837 1483 1016 1544 ueterem
1041 1481 1238 1546 hominem
1257 1479 1365 1544 indn-

223 1585 278 1647 ite
303 1602 459 1662 tronum,
483 1584 550 1667 qui
574 1585 794 1650 secundum
821 1585 1028 1652 Christum
1052 1590 1215 1652 creatus
1240 1591 1310 1650 est.
1334 1590 1368 1651 et
1388 1613 1414 1653 ιο

222 1691 301 1755 bene
325 1690 456 1755 sabbato
486 1691 600 1774 coepit,
633 1695 669 1755 ut
691 1693 796 1774 ipsum
826 1712 860 1756 se
889 1693 1070 1758 ostenderet
1097 1698 1278 1770 creatorem,
1311 1693 1367 1774 qui

223 1814 317 1879 opere
340 1797 488 1878 operibus
511 1798 662 1862 intexeret
687 1803 718 1863 et
736 1803 979 1881 persequeretur
997 1819 1088 1882 opus,
1113 1800 1196 1882 quod
1214 1800 1283 1882 ipse
1301 1799 1366 1864 iam

223 1909 377 1985 coeperat,
402 1907 439 1968 ut
461 1905 489 1969 si
513 1905 642 1970 domum
665 1906 753 1970 faber
774 1926 925 1972 renouare
949 1907 1104 1990 disponat,
1131 1926 1191 1970 non
1216 1927 1235 1971 a
1256 1905 1367 1970 sunda·

222 2011 349 2087 mentis,
382 2011 438 2076 sed
466 2031 483 2076 a
510 2013 703 2078 culminibus
730 2013 843 2097 incipit
869 2015 993 2078 soluere
1021 2017 1226 2078 uetustatem.
1258 2012 1366 2094 itaque

157 2117 197 2179 511
222 2119 266 2182 ibi
289 2119 376 2200 prius
400 2139 528 2184 manum
554 2120 712 2192 admouet,
736 2121 791 2184 ubi
815 2124 886 2184 ante
910 2120 1055 2186 desierat.
1089 2119 1201 2184 deinde
1225 2139 1243 2184 a
1266 2119 1365 2182 mino·
1386 2149 1411 2186 re
1436 2129 1459 2184 O

223 2226 310 2290 ribus
340 2226 460 2308 incipit,
485 2231 522 2290 ut
549 2226 588 2290 ad
617 2227 737 2291 maiora
763 2227 937 2309 perueniat.
961 2227 1094 2291 liberere
1117 2246 1135 2290 a
1159 2226 1310 2291 daemone
1334 2229 1366 2289 et

223 2331 375 2411 homines,
409 2333 465 2396 sed
492 2333 523 2396 in
561 2333 657 2398 uerbo
687 2333 738 2398 dei
765 2337 909 2415 possunt,
941 2333 1201 2398 resurrectionem
1230 2331 1366 2398 mortuis

222 2439 374 2520 imperare
399 2439 523 2504 diuinae
548 2440 647 2505 solius
672 2443 722 2505 est
744 2441 923 2522 potestatis.

156 2547 198 2608 61)
267 2545 332 2609 Neo
360 2565 552 2629 quemquam
579 2565 705 2610 mouere
739 2546 833 2610 debet
860 2547 945 2628 quod
972 2547 1045 2610 Iesu
1074 2544 1228 2610 Nazareni
1252 2564 1365 2610 nomen

146 2675 166 2726 r,
182 2673 207 2715 er
222 2652 253 2716 'sn
277 2651 336 2716 hoe
360 2652 439 2718 libro
460 2652 604 2717 diabolus
625 2653 740 2716 dixisse
760 2653 880 2736 primus
898 2653 1069 2718 inducitur.
1089 2671 1145 2717 nec
1166 2653 1249 2716 enim
1269 2652 1307 2716 ab
1329 2669 1365 2718 eo
1385 2682 1415 2722 so

224 2757 369 2822 Christus
398 2778 509 2824 nomen
538 2759 669 2842 accepit,
697 2759 781 2841 quod
809 2760 847 2823 de
876 2761 962 2824 caelo
992 2759 1123 2843 angelus
1147 2759 1187 2824 ad
1210 2759 1364 2842 uirginem

223 2863 351 2928 detulit:
376 2869 425 2929 est
448 2865 543 2930 huius
562 2866 763 2948 inpudentiae
787 2871 824 2930 ut
842 2867 924 2930 inter
942 2867 1084 2930 homines
1104 2865 1223 2948 aliquid
1244 2866 1365 2947 primus
1433 2877 1460 2930 1)

222 2975 356 3053 usurpet
388 2975 419 3036 et
446 2972 485 3036 ad
518 2972 662 3038 homines
693 2973 786 3054 qussi
814 2991 933 3038 nonum
961 2973 1090 3048 deserat,
1124 2991 1185 3054 quo
1215 2976 1365 3038 terrorem

223 3095 298 3142 snae
325 3079 495 3162 potestatis
523 3079 667 3144 incutiat.
701 3080 835 3162 denique
859 3083 892 3144 et
921 3079 953 3143 iu
977 3077 1093 3144 Genesi
1122 3079 1243 3160 primns
1272 3079 1365 3144 deum

311 3358 327 3408 5
346 3355 444 3410 Motth.
465 3359 489 3424 5,
511 3357 542 3410 11
607 3357 623 3408 6
642 3355 687 3409 Ps.
707 3357 749 3424 32,
769 3357 785 3410 6
853 3357 869 3410 9
890 3355 992 3411 Coloss.
1012 3357 1037 3426 3,
1057 3358 1073 3411 9
1093 3375 1147 3428 squ
1167 3357 1200 3410 cs.
1219 3357 1320 3428 Ephes.
1339 3361 1367 3424 4,

222 3445 356 3498 saetas
411 3447 443 3500 21
465 3446 529 3500 Luc.
552 3447 574 3514 1,
594 3446 625 3499 31

257 3620 350 3690 3nbi]
370 3621 441 3675 unde
459 3621 487 3674 P
563 3621 645 3675 desiit
662 3621 714 3675 PL
783 3623 850 3689 8pt
868 3625 899 3684 (a.
920 3620 991 3675 unde
1010 3625 1067 3688 rro3)
1087 3625 1115 3675 et
1133 3621 1160 3676 P
1226 3622 1366 3692 9enpoli·

222 3713 297 3763 autes
316 3710 344 3763 P
362 3715 404 3776 (ex
422 3727 443 3764 a.
463 3729 505 3778 u.,·
523 3711 705 3780 exspoliantes
718 3751 723 3764 .
735 3755 741 3768 .
753 3753 758 3764 .
770 3712 905 3766 hominem
924 3713 955 3764 iu
973 3729 1023 3781 sup.
1043 3711 1107 3778 inf.)
1125 3710 1149 3764 C
1166 3711 1365 3783 expoliantesp

221 3799 370 3868 spoliantes
389 3805 437 3856 cet.
512 3800 544 3854 10
564 3797 711 3869 Christum]
733 3799 812 3854 deum
832 3800 877 3870 Βχ
950 3803 993 3854 cst
1011 3817 1061 3854 om.
1083 3819 1101 3851 α
1169 3801 1199 3853 ll
1221 3817 1249 3854 ee
1268 3816 1319 3856 om.
1339 3801 1369 3854 P

256 3887 413 3944 ostenderet
431 3905 464 3942 ec
482 3888 634 3943 ostenditur
651 3893 698 3944 m3
716 3889 744 3942 P
798 3889 831 3942 la
850 3889 983 3944 intererat
1001 3893 1068 3958 (·ret
1086 3905 1153 3943 eor-r.
1175 3889 1212 3955 G)
1231 3909 1248 3959 χ
1303 3905 1364 3958 pro·

220 3981 379 4045 sequeretur
396 3977 468 4049 Μ
522 3979 554 4032 16
573 3977 719 4032 maioribus
739 3981 765 4046 (a
783 3995 804 4032 s.
824 3979 896 4044 ibus)
916 3977 944 4030 P
1045 3978 1185 4047 perueniat
1204 3981 1230 4043 (n
1248 3993 1270 4030 a.
1289 3981 1328 4044 a.)
1340 3978 1370 4030 P

255 4065 370 4120 liberare
390 4067 418 4120 P
434 4067 454 4135 (i
471 4083 493 4120 a.
514 4084 527 4120 e
547 4067 608 4136 uit.)
626 4067 654 4120 Β
672 4067 719 4138 (-ri
738 4071 816 4136 corr.)
835 4067 938 4138 EGpX
954 4068 1063 4122 liberari
1083 4073 1129 4122 cet.
1214 4069 1246 4124 16
1266 4071 1294 4122 et
1312 4083 1364 4122 om.

221 4153 317 4209 uBCL
388 4156 423 4210 20
440 4154 509 4208 libro
528 4155 580 4208 hoc
600 4155 672 4225 ΕγΤ
759 4158 792 4210 21
813 4156 919 4226 accepit
936 4173 1066 4226 nourenp
1140 4158 1174 4211 22
1194 4159 1236 4210 est
1255 4157 1364 4228 enimp(

220 4249 244 4296 et
268 4245 350 4310 (enim
372 4259 394 4298 s.
418 4261 445 4298 u.
468 4245 525 4310 m2)
553 4243 580 4296 V
702 4243 862 4314 inpudentia
888 4244 914 4299 G
1049 4245 1226 4314 inpudentiae
1249 4245 1366 4314 huius-s

220 4333 254 4386 23
274 4331 346 4401 quod
365 4331 396 4384 X
