3044 4930
289 415 427 486 Expositio
447 415 583 485 euangelii
602 415 690 470 Lucae
709 417 752 470 III
770 416 814 471 33.
832 417 867 472 39
886 417 966 485 (1327
986 417 1116 473 3-1328
1134 419 1174 486 Ε).
1234 423 1297 486 127

154 613 222 676 lum
254 612 378 676 scilieet
406 611 626 678 Christianum.
662 617 712 677 est
743 632 816 696 ergo
849 614 996 692 mulier,
1030 634 1110 697 quae
1142 615 1299 680 uiuente

155 721 235 784 uiro
260 719 381 802 ligata
404 721 462 782 est
484 717 573 802 legi,
602 723 634 783 et
657 719 727 784 ideo
751 723 897 786 mortuus
922 725 971 786 est
994 722 1045 786 uir
1067 722 1146 798 eius,
1178 725 1215 786 nt
1238 742 1298 786 non

155 829 240 892 esset
263 825 415 902 adultera,
448 824 475 890 si
503 829 589 890 esset
616 844 689 890 cum
717 827 779 891 alio
807 827 887 891 niro.
925 829 1112 910 mysterium
1141 829 1241 912 igitar
1268 829 1298 892 in

154 935 265 1018 figura,
289 935 455 1015 peceatum
479 932 510 996 in
535 931 680 1005 historia:
710 933 803 1016 culpa
831 953 886 1015 per
908 934 1079 1012 hominem,
1104 941 1299 1000 sacramenta

124 1059 210 1122 sper
232 1039 375 1104 uerbum.
410 1038 448 1102 de
472 1057 534 1120 qua
556 1038 698 1115 historia,
732 1040 879 1122 qnoniam
905 1041 981 1105 alibi
1004 1042 1126 1124 plenius
1152 1041 1299 1116 diximus,

154 1149 204 1212 hio
227 1146 504 1210 transcurrendum
528 1145 663 1211 uidetur.
696 1146 871 1229 meritoque
896 1151 1026 1212 sanctus
1049 1147 1154 1212 Dauid
1178 1149 1215 1213 de
1239 1149 1298 1213 hac
1322 1153 1342 1209 C

153 1253 287 1318 historie
308 1253 480 1336 mysticum
500 1252 658 1334 psalmum
683 1253 1005 1338 quinquagensimum
1025 1255 1153 1337 scripsit
1171 1259 1300 1340 propter

154 1359 310 1426 Bersabee
334 1359 461 1440 nuptias
486 1359 608 1424 dicens:
641 1359 677 1422 in
705 1359 907 1442 plurimum
935 1360 1022 1426 lana
1048 1381 1103 1425 me
1132 1362 1174 1426 ab
1204 1363 1298 1426 iniu-

155 1467 266 1532 stitia
293 1486 372 1530 mea
399 1469 436 1530 ct
464 1485 482 1530 a
510 1465 650 1532 delicto
680 1485 758 1531 meo
787 1467 922 1530 munda
950 1487 1015 1533 me.
1045 1468 1072 1532 si
1095 1468 1297 1551 iniquitatem

112 1595 137 1634 ro
154 1593 245 1638 suam
270 1573 321 1636 dei
344 1571 466 1636 amicus
495 1573 639 1656 agnoscit
668 1576 700 1636 et
728 1573 850 1637 meritis
880 1573 947 1638 suis
976 1575 1101 1640 obstare
1134 1575 1298 1652 delictum,

155 1681 181 1745 si
205 1680 341 1760 denique
365 1679 423 1742 deo
447 1698 595 1761 peccasse
624 1697 657 1744 se
681 1678 860 1756 confitetur,
885 1698 942 1745 cur
968 1684 1004 1744 tn
1033 1680 1071 1745 de
1101 1681 1298 1746 confessione

155 1786 295 1852 criminis
315 1786 494 1863 erubescas,
514 1803 586 1850 oum
607 1785 747 1850 criminis
768 1789 981 1860 coamentem,
1000 1806 1060 1852 non
1080 1787 1236 1852 confessio
1256 1787 1299 1851 sit

70 1885 109 1948 39
153 1893 287 1976 pudori?
322 1911 396 1976 ergo
428 1911 499 1956 cum
523 1892 626 1956 Dauid
650 1893 807 1958 Bersabee
835 1893 1000 1958 historiam
1028 1913 1089 1960 non
1117 1895 1341 1978 praetermi-I)

154 2000 231 2065 serit
262 2000 294 2064 in
326 1999 394 2064 suis
430 1999 571 2082 psalmis,
604 2003 642 2063 ut
672 2000 704 2064 in
738 2019 774 2064 ea
806 2000 859 2064 trel
891 1999 1077 2084 mysterium
1106 2000 1158 2065 uel
1192 2004 1298 2064 aetum

110 2119 135 2160 1⁵
152 2106 310 2187 perfectae
327 2105 537 2188 paenitentiae
551 2124 608 2170 nos
624 2105 761 2182 doceret,
775 2105 843 2170 iure
857 2107 1004 2172 uidemus
1016 2107 1110 2170 etiam
1125 2107 1156 2170 in
1171 2125 1298 2190 genera-

151 2212 294 2277 tionibus
332 2211 499 2278 dominicis
530 2231 589 2276 non
618 2213 883 2294 praetermissam,
921 2213 992 2294 quia
1028 2216 1059 2276 et
1091 2213 1159 2295 ipse
1184 2212 1297 2290 Dauid,

153 2320 208 2402 qni
232 2338 301 2384 eam
325 2319 448 2401 accepit
466 2318 496 2382 in
516 2336 642 2382 uxorem
664 2318 736 2394 sibi,
760 2319 971 2402 generationis
991 2319 1168 2384 dominicae
1188 2337 1298 2383 sccun-

153 2427 228 2490 dnm
253 2443 376 2489 carnem
399 2442 581 2507 praecessor
602 2424 767 2488 adseritur.
798 2425 890 2488 cuins
915 2425 1060 2506 speciale,
1090 2428 1126 2488 nt
1149 2425 1297 2500 diximus,

152 2533 311 2607 meritum,
335 2537 373 2594 ut
396 2531 547 2596 eeclesiae
565 2530 597 2594 in
616 2531 677 2594 hoo
696 2531 845 2614 mysterio
866 2531 989 2596 uideret
1007 2535 1148 2595 exortum
1168 2535 1200 2594 et
1218 2531 1298 2594 acci-

111 2652 136 2692 20
153 2641 243 2720 peret
256 2639 418 2702 oraculum
436 2637 519 2719 quod
535 2657 570 2702 ex
590 2657 647 2702 sno
663 2637 808 2703 Christus
828 2657 940 2721 genere
955 2641 1144 2702 nasceretur.
1164 2637 1296 2702 atterum

154 2745 236 2808 enim
257 2744 296 2807 ad
315 2745 481 2808 ecclesiam
496 2745 640 2827 pertinet,
660 2745 744 2827 qnod
764 2744 855 2809 dixit:
880 2763 964 2808 ecoe
985 2743 1200 2809 audiuimus
1221 2764 1296 2808 earn
1319 2757 1341 2810 E

154 2852 188 2915 in
213 2851 413 2934 Ephratha
439 2852 651 2916 innenimus
676 2871 753 2916 eam
778 2852 813 2914 in
838 2851 979 2933 eampis
1004 2851 1137 2928 siluae,
1163 2852 1298 2916 alterum

154 2959 334 3040 specialiter
369 2958 408 3022 ad
442 2957 591 3022 dominici
624 2959 763 3041 corporis
799 2959 1010 3040 sponsionem,
1049 2958 1133 3040 quod
1172 2959 1296 3024 oraculo

244 3167 435 3230 1Rorn.7,2
499 3165 612 3233 capel.
633 3163 722 3218 Dauid
741 3165 876 3234 olsqq.
951 3166 1121 3234 spatas
1196 3167 1228 3220 13
1245 3165 1296 3220 Sir.

153 3259 178 3324 4,
197 3258 231 3312 ‘26
251 3257 307 3324 (31)
355 3256 387 3310 18
405 3253 506 3308 Euseb.
526 3253 636 3319 Quaest.
656 3271 752 3324 euang.
772 3255 832 3321 241,
853 3254 887 3308 32
906 3255 978 3320 (278,
997 3255 1043 3322 32)
1090 3255 1121 3308 21
1137 3254 1182 3307 Ps.
1204 3255 1262 3316 131.
1279 3257 1295 3308 6

188 3432 338 3498 telligata
356 3429 428 3500 ΕγΤ
506 3431 651 3484 dsanctus
670 3429 768 3484 om.G
841 3431 1148 3500 7qninqnagensimum
1168 3431 1202 3496 A,
1223 3429 1244 3482 L
1263 3430 1296 3496 P,

154 3521 406 3592 quinquagesimum
425 3524 473 3572 cet.
528 3519 544 3572 8
563 3518 692 3572 bersabee
707 3519 763 3573 BG
781 3525 807 3572 et
825 3522 849 3586 (e
871 3525 928 3573 tert.
947 3535 968 3572 e.
988 3537 1016 3572 a.
1035 3521 1091 3584 m3)
1106 3519 1139 3586 P,
1159 3526 1183 3582 (e
1198 3524 1296 3586 postea

154 3611 231 3675 aad.)
249 3609 278 3663 E
298 3607 412 3662 bersabe
431 3609 458 3660 A
481 3607 594 3678 bersabe
612 3607 657 3678 γΤ
678 3607 824 3662 bersabeae
844 3607 912 3660 aCL
935 3607 1099 3660 bersabaeae
1119 3625 1136 3657 c
1153 3607 1297 3660 bersabeae

155 3699 207 3754 OF
222 3697 400 3752 bersabaeaes
426 3695 450 3747 V
497 3701 622 3764 poetme
642 3696 707 3748 add.
727 3695 822 3750 aneo
879 3699 1057 3762 9meatae.
1077 3699 1116 3762 a.)
1136 3696 1161 3748 P
1217 3696 1246 3749 11
1269 3713 1296 3747 se

152 3802 278 3858 peccasse
297 3804 323 3856 χ,
343 3801 372 3839 ee
391 3801 441 3838 om.
462 3787 492 3838 X
562 3786 593 3838 12
613 3789 655 3838 est
673 3785 715 3852 (ia
734 3801 784 3853 sap.
803 3788 850 3838 m3
869 3785 903 3838 al.
923 3786 969 3852 sit)
989 3787 1014 3837 A
1072 3785 1103 3836 13
1123 3783 1251 3837 bersabee
1271 3785 1298 3837 B

154 3883 177 3930 et
195 3881 221 3942 (e
240 3875 291 3928 ult.
306 3881 405 3942 poetae
424 3874 501 3931 odd.)
521 3875 552 3929 E
567 3873 680 3927 bersabe
699 3874 782 3927 ΑΘΕ
801 3874 931 3944 bersabee
945 3874 973 3926 P
989 3878 1015 3943 (a
1032 3890 1054 3927 a.
1073 3890 1100 3926 u.
1120 3873 1176 3937 aad)
1198 3873 1297 3926 Cher-

153 3965 218 4036 sabe
237 3963 283 4032 γΤ
299 3962 445 4034 bersabaee
465 3981 483 4014 α
500 3963 644 4016 bersabeae
658 3965 689 4016 X
744 3965 776 4016 la
796 3967 953 4032 praeceptor
972 3964 1012 4026 (ia
1031 3979 1081 4031 sap.
1098 3967 1147 4015 md
1167 3963 1200 4016 al.
1220 3979 1297 4031 prae-

154 4054 299 4119 cessorbd
318 4051 520 4121 praecursorC
574 4053 606 4105 19
626 4052 781 4120 mysterium
802 4053 832 4104 X
850 4058 874 4104 et
893 4055 948 4118 (um
968 4050 1089 4117 eco)E
1159 4049 1299 4104 uideretur

152 4141 224 4212 EpT
277 4142 309 4194 21
332 4157 364 4193 ea
383 4140 470 4194 BGX
523 4142 557 4193 22
577 4139 690 4210 ephrata
703 4143 728 4194 A
749 4140 881 4209 ephratha
902 4139 1049 4194 Cesratha
1068 4139 1112 4192 Ρα
1130 4139 1234 4193 eufrata
1252 4141 1300 4210 γΧ

153 4231 315 4284 effratacet.
398 4247 429 4282 ea
447 4228 503 4283 BG
594 4229 627 4282 ‘23
647 4229 803 4298 specialiter
821 4232 847 4295 (a
865 4245 887 4281 s.
906 4231 944 4294 a.)
964 4228 990 4280 P
1065 4227 1238 4298 sponsionem
1257 4229 1298 4299 (ia

153 4337 202 4389 mp.
222 4322 269 4371 m3
288 4318 323 4372 al.
343 4319 554 4388 susceptionem)
573 4319 598 4368 A
617 4319 816 4386 susceptionem
835 4335 853 4387 χ
