3108 4932
228 361 292 425 226
700 357 897 412 Ambrosii

227 571 284 635 per
305 556 421 619 terram
444 553 745 638 uerruntucstigiis
768 572 893 638 usuque
916 553 1036 618 faciunt
1058 555 1095 618 ut
1122 553 1259 618 amictus
1288 551 1375 618 oneri

230 661 282 725 sit.
312 660 367 726 sed
394 665 498 726 11111111
532 661 593 725 alia
623 659 751 724 uidetur
781 660 833 724 hic
864 659 1050 724 indumenta
1081 659 1206 744 signare
1238 663 1280 738 et,
1312 659 1375 723 nisi

229 768 332 845 fallor,
356 769 494 833 humana
517 785 656 850 corpora,
681 767 797 850 quibus
821 767 924 831 anima
942 769 1050 831 nostra
1068 766 1215 833 uestitur.
1240 766 1377 849 denique

231 880 263 941 et
285 875 399 957 Ioseph
422 874 530 939 tunica
558 873 596 938 ad
626 873 763 956 speciem
793 873 941 938 dominici
969 873 1108 956 eorporis
1136 877 1301 938 amentata
1327 873 1378 936 eet

231 985 264 1048 et
286 982 495 1066 apostolicum
518 980 613 1046 illud:
640 999 786 1046 exuens
810 999 850 1045 se
874 999 1030 1046 earnem
1054 963 1315 1064 principatus
1338 983 1378 1044 et
1409 1003 1426 1044 a

227 1093 462 1174 potestates
487 1107 621 1154 ornnes
645 1087 831 1152 traduxit
854 1087 930 1170 quid
953 1087 1040 1151 aliud
1060 1086 1199 1152 ostendit
1220 1085 1283 1151 nisi
1306 1087 1377 1151 uice

226 1195 405 1259 indumenti
438 1213 552 1278 eorpus
585 1193 696 1269 fuisse,
726 1212 787 1276 quo
817 1211 851 1258 se
878 1194 925 1258 ita
952 1193 1141 1277 exspoliauit
1171 1191 1315 1258 dominus
1344 1193 1378 1256 in

228 1301 385 1384 passione,
404 1304 442 1365 ut
461 1301 612 1365 diuinitas
631 1301 730 1365 libera
747 1299 950 1382 inmunisque
964 1303 1106 1364 maneret
1118 1299 1273 1364 iniuriae?
1288 1303 1377 1365 totus
1446 1303 1474 1356 D

229 1408 327 1492 igitur
345 1408 397 1472 hic
415 1409 505 1473 locus
525 1408 666 1491 exemplo
686 1425 744 1472 nes
762 1406 946 1490 prophetico
966 1406 1005 1471 ad
1024 1407 1175 1471 uirtutem
1195 1405 1378 1472 subeundae

144 1511 206 1575 108
229 1514 387 1598 passionis
406 1513 559 1580 hortatur.
581 1513 716 1597 denique
735 1513 874 1578 addidit:
895 1513 1074 1596 eccequi
1097 1513 1135 1576 in
1160 1519 1277 1578 ueste
1296 1531 1377 1595 pre·
1398 1535 1425 1573 ιο

156 1621 341 1694 pretiosa
365 1623 458 1685 sunt
481 1621 520 1684 in
545 1620 731 1685 domibus
754 1639 891 1706 regum
916 1621 1019 1685 sunt.
1049 1622 1124 1685 sunt
1149 1620 1243 1685 etiam
1268 1621 1379 1685 mollia

230 1726 415 1792 indumenta
440 1726 584 1792 deliciosi
608 1729 696 1792 aetus
722 1729 754 1790 et
771 1746 886 1806 mores,
909 1730 1037 1809 propter
1055 1725 1139 1809 quod
1157 1745 1215 1792 nos
1234 1727 1380 1792 hortatur

232 1832 396 1916 apostolus
419 1836 456 1897 ut
479 1833 688 1916 exspoliantes
711 1836 852 1898 ueterem
875 1833 1035 1898 hominem
1059 1853 1131 1898 cum
1158 1833 1282 1899 actibus
1309 1834 1378 1898 eius
1446 1837 1471 1890 Ε

231 1939 402 2005 induamus
430 1959 559 2018 nouum,
591 1940 622 2004 in
655 1959 717 2023 que
745 1959 806 2004 non
835 1939 938 2004 dulcis
965 1940 1124 2006 inlecebra
1151 1940 1195 2004 sit
1220 1940 1380 2023 ludusque

232 2046 393 2124 lasciuiae,
418 2045 474 2112 sed
496 2065 575 2111 usus
599 2046 716 2111 laboris
741 2051 774 2111 et
796 2047 930 2122 fructus,
955 2065 991 2112 eo
1012 2047 1096 2128 quod
1114 2052 1222 2112 tenera
1240 2047 1379 2131 corporis
1399 2066 1426 2107 rs

234 2170 309 2217 eura
334 2153 472 2235 luxuque
503 2157 535 2218 et
565 2153 769 2218 lasciuiamm
802 2152 975 2236 cupiditate
1005 2155 1147 2219 mollitos
1179 2173 1378 2237 nequaquam

233 2259 382 2325 caelestis
414 2261 488 2324 aula
520 2259 683 2343 suscipiat,
718 2259 757 2323 ad
785 2279 880 2342 quam
909 2259 995 2325 duris
1023 2261 1199 2326 laboriosae
1228 2260 1379 2344 gradibus

235 2365 366 2431 uirtutis
398 2366 587 2431 ascenditur.
626 2366 657 2429 hi
691 2385 765 2430 uere
799 2367 914 2448 quibus
942 2366 1062 2432 fluuida
1090 2367 1211 2432 deliciis
1239 2367 1381 2432 membra

236 2473 405 2537 soluuntur
427 2472 516 2556 regni
538 2473 683 2538 caelestis
703 2477 840 2539 extorres
859 2473 941 2538 intra
958 2475 1068 2538 mnndi
1087 2474 1181 2538 huius
1201 2473 1382 2540 habitacula

235 2583 475 2656 consenescunt,
509 2599 588 2662 quos
619 2583 758 2644 rectores
790 2580 900 2644 mundi
932 2581 1027 2645 huius
1060 2584 1155 2664 atque
1181 2581 1381 2646 tenebrarum
1399 2597 1425 2637 sn
1451 2586 1477 2638 1³¹

236 2685 332 2748 -hi
355 2689 430 2750 sunt
453 2687 535 2750 enim
560 2705 661 2772 reges,
686 2687 740 2770 qui
764 2687 916 2751 saeculari
941 2687 1075 2769 quadam
1099 2689 1257 2770 potestate
1281 2687 1382 2753 donni-

236 2797 351 2857 nantur
373 2830 416 2840 -
440 2813 570 2858 suorum
594 2795 735 2858 aemulos
760 2813 890 2874 operunr
913 2795 1108 2876 receperunt.

153 2897 215 2962 1119
285 2899 1382 2983 Scdquidexistisuideretprophetanrlutiquedieo

163 3005 359 3081 assuetis
383 3009 422 3070 et
444 3006 537 3088 plus
562 3025 676 3088 quam
700 3007 898 3091 propheta
921 3007 986 3070 hie
1010 3010 1081 3071 est.
1105 3006 1263 3088 quomodo
1284 3007 1388 3092 igitur

328 3279 428 3336 4ch
444 3281 487 3345 37,
503 3281 535 3336 31
574 3279 710 3336 5001011.
724 3281 749 3348 2,
767 3283 799 3338 15
839 3283 871 3337 13
887 3281 989 3340 Coloss.
1004 3285 1115 3356 3,9sq.
1153 3287 1187 3340 20
1201 3285 1337 3356 Ephesd,
1350 3287 1386 3342 12

278 3457 406 3512 lhonori
424 3457 480 3513 PL
551 3458 705 3512 dtunicam
724 3460 751 3513 A
771 3464 796 3513 et
815 3463 851 3528 (rn
871 3461 952 3527 erae.)
971 3460 999 3514 P
1069 3460 1285 3530 eapostolioum
1303 3459 1384 3531 illud]

240 3546 379 3616 apostolus
398 3547 438 3602 ait
454 3546 508 3601 PL
580 3563 678 3602 exuens
696 3547 784 3618 Pac&
804 3549 892 3602 exsuit
910 3547 1023 3603 AFOV
1039 3550 1112 3603 exuit
1123 3549 1168 3602 Βπ
1222 3550 1239 3604 6
1258 3549 1344 3603 omnis
1359 3549 1390 3602 P

187 3677 194 3692 .
275 3635 428 3690 transduxit
445 3635 472 3690 L
489 3641 515 3690 et
533 3639 575 3704 (ns
594 3637 675 3705 erce.)
696 3637 722 3691 Τ
817 3637 903 3691 9nos
921 3652 943 3690 e.
961 3653 990 3690 u.
1009 3641 1056 3691 m3
1074 3638 1101 3691 Α
1190 3637 1338 3708 proiectico
1359 3643 1385 3704 (e

221 3739 281 3792 Ι111.
300 3727 381 3791 mas.)
399 3723 427 3778 P
507 3726 537 3778 11
559 3725 586 3778 in
607 3723 730 3779 domibus
749 3739 843 3794 regum
864 3729 927 3779 sunt
944 3741 965 3780 a.
985 3742 1013 3780 u.
1032 3729 1078 3780 m3
1096 3727 1124 3780 A
1211 3725 1244 3780 12
1263 3725 1386 3781 deliciosi

241 3817 316 3866 actus
341 3814 383 3866 cO
407 3812 562 3867 deliciosior
587 3813 649 3880 (·ier
671 3812 709 3880 Β)
736 3817 814 3868 actus
836 3813 938 3884 ΑΒΧχ
964 3812 1135 3868 deliciosiore
1157 3817 1187 3883 (e.
1211 3815 1386 3870 1113111111-

242 3901 309 3956 ciosi
327 3903 355 3956 et
373 3917 437 3956 usus
455 3901 491 3969 P)
510 3903 573 3968 eiusv
586 3901 639 3955 PL
757 3903 789 3956 13
808 3903 958 3972 spoliantes
976 3901 1142 3958 ABOFOV
1255 3903 1386 3959 lansius

241 3989 334 4044 mundi
352 3991 426 4061 BLp
514 3991 549 4045 20
568 3996 634 4060 post
656 3991 828 4046 tenebrarum
852 3991 918 4046 add.
942 3991 1237 4049 incolae...dubiu1n
1260 3996 1302 4047 est
1324 3993 1388 4060 PL,

242 4082 372 4150 ceperunt
392 4078 423 4142 0,
442 4078 510 4132 dicit
527 4080 557 4135 E
644 4079 677 4133 21
697 4081 736 4134 hii
755 4080 782 4134 P
853 4081 924 4134 enim
943 4097 993 4136 em.
1013 4080 1040 4135 L
1125 4082 1160 4136 24
1174 4086 1240 4150 poet
1259 4085 1301 4136 est
1319 4081 1386 4136 add.

241 4167 276 4222 de
299 4183 352 4237 quo
376 4167 504 4236 scripturn
529 4170 578 4222 est·
599 4183 660 4222 ecoe
684 4185 735 4238 ego
759 4169 839 4224 mitto
860 4168 987 4238 angelum
1005 4185 1093 4223 meum
1114 4172 1177 4223 ante
1196 4169 1291 4224 faciem
1311 4173 1388 4224 tuane

242 4255 464 4311 Amaaourx
481 4261 506 4310 ct
524 4256 571 4324 qui
591 4257 655 4311 add.
676 4258 722 4327 qui
740 4257 914 4328 praeparauit
932 4257 1004 4311 uiarn
1023 4261 1098 4311 tuam
1117 4261 1181 4312 ente
1200 4261 1228 4312 te
1250 4257 1290 4327 GT
