3050 4936
221 399 289 463 428
699 392 897 447 Ambrosii

222 591 375 654 onrrstum
402 588 551 653 thesauro
581 588 774 672 propheticis
808 589 875 672 egit
911 588 1093 672 aspectibus
1126 587 1158 651 iu
1192 585 1378 650 desertum:

220 696 258 760 iu
282 695 533 761 tribulatione
555 697 638 760 enim
659 699 695 759 et
714 695 969 780 angustialeo
994 698 1030 760 et
1055 696 1205 760 catulus
1230 694 1376 760 leonis:

220 802 267 865 ad
291 801 443 884 aspides
468 807 505 866 et
530 801 730 886 progenies
759 802 930 883 aspidum
959 801 1169 866 solantium
1198 799 1379 864 ferebant

222 907 257 970 in
283 908 402 972 asinis
426 912 461 972 et
485 908 657 972 camellis
681 907 841 972 diuitias
866 927 964 974 suas.
989 912 1022 972 et
1040 908 1118 972 bene
1139 905 1293 970 camellus
1314 925 1376 988 pro

223 1015 335 1100 gentili
363 1014 516 1098 figuratus
550 1019 600 1078 est
631 1014 759 1098 populo.
792 1014 867 1096 quia
899 1014 1136 1096 superstitionis
1170 1012 1376 1076 deformitate
1411 1039 1424 1076 ⁵

218 1123 426 1206 degenerare,
458 1123 643 1203 priusquam
676 1120 817 1186 crederet
848 1121 986 1205 populus
1018 1121 1191 1196 nationum,
1225 1119 1375 1184 beluinae

221 1228 361 1313 speciem
394 1227 567 1303 foeditatis,
601 1227 737 1291 absurda
769 1227 917 1311 uestigia,
950 1245 1004 1290 ora
1031 1227 1136 1309 turpia
1162 1224 1373 1307 praeferebat.

216 1335 347 1402 facilius
372 1334 471 1418 igitur
492 1335 554 1398 iste
577 1336 725 1415 peccator
748 1353 803 1416 per
826 1333 912 1398 uiam
935 1333 1068 1397 intrauit
1086 1335 1263 1416 angustam,
1288 1349 1373 1414 quae

218 1447 269 1508 est
300 1441 354 1506 uia
382 1441 510 1518 Christi,
544 1441 599 1522 qui
626 1441 744 1524 proprii
778 1440 917 1521 corporis
950 1439 1097 1522 passione
1129 1439 1241 1503 mortis
1274 1457 1373 1520 pene·
1447 1444 1467 1498 C

219 1552 307 1612 trans
334 1548 420 1612 uiam
449 1548 539 1612 uelut
566 1565 641 1611 acus
669 1547 898 1630 redintegrauit
930 1547 1030 1611 scissa
1058 1545 1213 1628 quaedam
1241 1549 1371 1610 nostrae
1396 1575 1422 1613 ro

220 1655 414 1719 uestimenta
441 1656 581 1728 naturae,
609 1673 704 1737 quam
732 1655 869 1736 populus
898 1653 1088 1718 Iudaeorum
1117 1653 1206 1717 diues
1230 1652 1262 1717 in
1285 1653 1368 1736 lege.

220 1780 339 1845 egenus
371 1761 402 1825 in
434 1760 505 1836 fide,
537 1766 726 1842 praeruptus
758 1762 790 1825 in
819 1761 932 1838 lurore,
965 1761 1136 1843 probrosus
1163 1760 1195 1823 in
1225 1759 1368 1824 crimine.

153 1865 195 1928 72
219 1873 310 1952 potes
344 1869 437 1932 etiam
470 1869 631 1932 moraliter
663 1868 700 1932 de
733 1868 817 1932 omni
849 1867 1033 1950 intellegere
1066 1871 1231 1949 peccatore
1264 1869 1296 1931 et
1329 1867 1368 1931 de

83 1979 383 2058 raro-uarrogante
413 1975 522 2040 diuite.
551 1993 652 2038 nonne
680 1974 738 2038 tibi
768 1974 895 2038 uidetur
922 1973 1111 2056 publicanus
1140 1974 1194 2037 ille
1218 1976 1368 2038 oneratus

218 2101 350 2147 enorum
366 2083 559 2146 conscientia
574 2081 772 2160 delictorum,
788 2101 860 2145 oum
876 2081 986 2146 oculos
1001 2080 1040 2144 ad
1054 2081 1149 2144 deum
1163 2099 1224 2144 nou
1236 2079 1369 2145 auderet
1391 2109 1418 2147 rs

218 2189 381 2264 adtollere,
406 2189 498 2252 uelut
517 2188 645 2270 quidam
669 2188 821 2252 camellus
845 2189 876 2252 in
899 2187 1038 2251 foramen
1063 2206 1139 2251 acus
1159 2187 1367 2252 confessionis
1439 2201 1461 2253 1)

218 2311 296 2359 suae
319 2295 468 2358 remediis
493 2294 619 2358 facilius
638 2293 767 2358 introire
787 2313 881 2376 quam
901 2293 1090 2358 Pharisaeus
1109 2294 1163 2357 ille
1182 2295 1214 2358 in
1232 2313 1366 2378 regnum

218 2401 280 2472 dei.
300 2401 454 2486 adrogans
473 2401 504 2463 in
524 2417 626 2482 prece,
650 2400 771 2464 iactans
790 2399 996 2474 innocentiae,
1020 2401 1218 2482 praesumtor
1236 2399 1365 2484 gloriae,

217 2509 420 2590 exprobrator
447 2505 691 2582 misericordiae,
724 2505 920 2586 praedicator
952 2506 1013 2584 eui,
1046 2505 1228 2570 criminator
1260 2506 1365 2584 alieni,

218 2615 273 2696 qui
297 2614 400 2698 magis
424 2613 606 2678 conueniret
629 2612 790 2677 dominum
816 2631 910 2694 quam
937 2615 1084 2694 rogaret?
1113 2613 1140 2677 si
1168 2612 1239 2696 quis
1266 2613 1368 2695 igitur
1385 2643 1415 2682 ao

217 2721 325 2785 horret
348 2719 527 2796 camellum,
552 2719 714 2783 horrescat
737 2737 810 2782 eum
835 2719 889 2801 qui
907 2719 1001 2783 iactis
1020 2718 1142 2783 foedior
1161 2719 1204 2782 sit
1222 2719 1365 2783 carnello.

152 2827 194 2889 73
263 2827 411 2891 Honora
439 2829 581 2910 patrem
609 2829 645 2890 et
672 2829 835 2889 matrem.
864 2825 995 2908 pulchre
1023 2825 1102 2890 mibi
1130 2823 1224 2889 hodie
1246 2825 1366 2909 legitur
1440 2841 1462 2894 E

125 2931 299 3014 re,solegis
328 2931 499 3008 exordium,
529 2931 651 3013 quando
681 2930 742 2996 mei
770 2933 884 2996 natalis
913 2937 963 2997 est
985 2933 1166 3008 sacordotii;
1197 2933 1365 3016 quotannis

218 3037 301 3100 enim
331 3036 421 3119 quasi
449 3036 487 3100 de
515 3038 639 3120 integro
667 3037 796 3102 uidetur
822 3038 959 3121 incipere
988 3039 1211 3118 sacerdotium,
1240 3037 1364 3122 quando

218 3147 397 3225 temporum
409 3147 579 3209 renouatur
593 3149 706 3209 aetate.
726 3146 843 3209 bouum
860 3147 954 3210 etiam
971 3145 1053 3228 quod
1072 3145 1204 3229 legitur:
1226 3146 1366 3211 honora
1383 3171 1413 3210 ea

306 3422 323 3475 2
341 3421 415 3475 Esai.
434 3423 477 3489 30,
497 3424 512 3475 6
568 3423 584 3475 9
603 3422 701 3476 biatth.
722 3425 746 3490 7,
768 3424 799 3477 13
819 3440 858 3493 sq.
914 3425 947 3478 23
968 3423 1050 3480 Exod.
1071 3424 1113 3487 20,
1136 3426 1167 3478 12

255 3584 266 3636 1
292 3582 438 3636 honustum
461 3581 540 3635 PBL
563 3583 664 3636 bonum
688 3583 719 3635 X
740 3586 771 3651 (a.
795 3587 842 3636 m2
864 3583 1009 3638 honustum
1034 3585 1067 3652 V)
1090 3587 1214 3639 onestum
1239 3605 1257 3638 a
1279 3591 1321 3640 mi
1342 3589 1367 3636 (⁷

252 3673 343 3740 agitat
370 3670 495 3740 specibus
513 3671 541 3724 P
567 3672 669 3736 (iebus
696 3675 753 3737 md)
772 3673 798 3724 L
915 3675 931 3726 3
959 3673 994 3726 ad
1021 3691 1109 3744 emp
1137 3678 1168 3741 (a.
1195 3693 1222 3728 a.
1252 3679 1299 3729 md
1317 3675 1365 3742 E',

214 3777 276 3828 exp.
302 3760 326 3812 V
396 3759 530 3829 ferebant]
550 3759 683 3814 sedebant
701 3761 732 3814 X
812 3763 962 3832 ispeeiem
983 3761 1164 3816 deformitatis
1183 3765 1214 3818 X
1280 3767 1363 3834 tiqui

214 3866 265 3921 per
282 3849 335 3902 PL
354 3853 379 3902 et
398 3853 438 3914 (er
454 3850 486 3902 ia
502 3864 560 3902 rae.
579 3853 636 3914 m2)
657 3849 683 3902 B
736 3851 838 3921 proprii
856 3867 907 3905 om.
921 3851 974 3905 PL
1027 3852 1178 3920 passionem
1192 3853 1364 3908 PoBFLOa

219 3941 252 3992 10
271 3954 334 3991 acus
354 3938 429 3990 αΒΧ
447 3953 523 3990 acum
544 3937 570 3990 P
587 3940 609 4004 (s
628 3953 649 3992 e.
669 3956 694 4000 m
714 3941 770 4006 m2)
789 3939 815 3993 L
834 3957 883 3994 acu
904 3941 944 4012 (Ιχ
999 3942 1161 4003 121ιποτοηι
1181 3941 1209 3995 Ρ
1263 3945 1296 3997 13
1315 3960 1363 4012 po·

213 4031 259 4080 tes
278 4027 306 4078 B
325 4029 416 4094 potest
430 4026 457 4078 P
473 4029 496 4093 (t
515 4026 564 4080 alt.
584 4032 666 4094 cras.)
686 4027 711 4082 V
728 4033 750 4097 (t
770 4030 819 4084 alt.
839 4031 909 4097 exp.)
928 4035 975 4085 cet.
1032 4029 1156 4099 intellegi
1174 4029 1210 4100 Ο(
1266 4032 1299 4084 19
1318 4047 1362 4084 er·

217 4113 346 4183 probator
363 4115 391 4167 P
409 4119 506 4179 (mator
524 4116 581 4184 m2)
599 4115 644 4168 Le
747 4117 782 4172 20
801 4133 829 4170 se
848 4117 982 4170 inueniret
1001 4119 1028 4170 P
1046 4126 1106 4178 (con
1124 4135 1145 4172 e.
1165 4136 1194 4186 se
1214 4119 1242 4183 in
1261 4122 1318 4184 m2)
1336 4119 1363 4172 L

214 4205 251 4256 22
271 4205 375 4272 patrem
393 4207 469 4256 tuum
489 4223 506 4273 χ
597 4205 707 4274 pulchre
727 4206 756 4274 (h
774 4223 796 4260 a.
815 4223 842 4259 a.
861 4209 918 4272 md)
936 4207 964 4259 P
1034 4207 1068 4260 23
1088 4223 1140 4276 quo
1160 4209 1238 4262 annis
1256 4211 1283 4277 (o
1302 4225 1335 4262 ea
1353 4210 1361 4261 i

215 4295 277 4359 m2;
296 4297 362 4360 quot
379 4307 401 4344 s.
421 4307 472 4360 quo
492 4295 550 4356 arad)
568 4293 595 4346 P
612 4294 737 4363 quionnis
756 4293 783 4348 L
801 4296 1000 4364 quoquotannis
1020 4313 1038 4346 α
1061 4297 1274 4366 quotquotannis
1292 4296 1364 4366 Μ
