3044 4930
244 423 285 485 52
730 418 925 473 Ambrosii

242 617 333 700 uirgo
367 619 542 700 generaret,
571 615 701 700 legerat,
738 617 773 678 ut
805 615 885 678 dixi:
924 633 1016 679 eece
1049 615 1166 698 uirgo
1199 615 1237 678 in
1271 619 1388 680 utero

243 723 431 806 accipiet,
464 723 621 803 quomodo
655 726 761 787 autem
794 722 953 805 acciperet
988 723 1020 786 in
1054 722 1220 806 euangelio
1249 723 1388 805 primurn

243 829 376 913 angelus
400 831 449 893 est
471 830 610 893 locutus.

94 953 228 1008 ‹raam-
288 937 522 1021 Exsurgens
552 939 681 1000 eutem
705 934 831 999 Maria
858 934 895 1000 in
925 935 1070 1001 diebus
1099 935 1188 1000 illis
1218 935 1322 1000 abiit
1350 934 1387 998 in

244 1047 434 1108 montana
466 1063 552 1107 oum
586 1042 860 1107 festinatione
893 1042 929 1106 in
964 1043 1178 1106 ciuitatem
1202 1040 1324 1105 Iudae
1350 1046 1389 1105 et
1422 1044 1477 1122 sl)

244 1151 422 1214 intrauit
448 1149 486 1214 in
518 1149 672 1214 domum
698 1149 942 1214 Zacchar·iae
972 1153 1010 1214 et
1033 1149 1239 1213 salutauit
1260 1148 1388 1214 Elisa·

178 1251 219 1315 19
243 1256 319 1320 bet.
344 1255 462 1320 morale
486 1259 536 1320 est
559 1256 717 1332 omnibus,
741 1259 779 1320 ut
802 1257 855 1338 qui
878 1255 971 1318 fidem
997 1255 1128 1338 exigunt
1150 1254 1244 1318 fidem
1265 1254 1389 1320 adstru-

243 1367 306 1428 ant.
349 1367 382 1428 et
421 1362 492 1427 ideo
530 1363 662 1446 angelus
700 1383 773 1427 oum
811 1363 996 1427 abscondita
1033 1364 1206 1438 nuntiaret,
1241 1365 1277 1426 ut
1309 1361 1387 1425 fides

243 1469 458 1534 adstrueretur
487 1472 639 1553 exemplo,
669 1469 800 1534 senioris
829 1469 964 1534 feminae
993 1469 1174 1551 sterilisque
1199 1473 1387 1550 conceptum

242 1575 358 1659 uirgini
385 1576 504 1640 Mariae
532 1576 702 1653 nuntiauit,
727 1581 764 1639 ut
786 1575 939 1658 possibile
964 1576 1021 1640 deo
1046 1594 1138 1640 omne
1162 1575 1247 1658 quod
1270 1574 1300 1639 ei
1322 1575 1386 1656 pla·
1409 1599 1433 1636 to

243 1682 344 1746 cuerit
367 1683 533 1747 adsereret.
561 1684 616 1748 ubi
645 1683 770 1747 audiuit
797 1683 857 1747 hoc
880 1683 991 1759 Maria,
1020 1702 1081 1746 non
1111 1681 1203 1764 quasi
1224 1681 1388 1746 incredula

244 1791 282 1852 de
315 1789 440 1853 oraculo
474 1808 531 1853 nec
560 1789 651 1872 quasi
679 1789 798 1854 incerta
827 1788 864 1853 de
893 1788 1004 1853 nuntio
1033 1807 1090 1852 nec
1118 1787 1210 1869 quasi
1238 1787 1386 1852 dubitans

244 1897 281 1961 de
310 1899 463 1979 exemplo,
492 1897 548 1962 sed
577 1898 665 1980 quasi
699 1899 783 1962 laeta
809 1915 865 1980 pro
892 1899 979 1972 uoto,
1008 1894 1159 1979 religiosa
1187 1915 1242 1977 pro
1271 1895 1387 1970 officio,
1451 1899 1472 1952 Ε

242 2005 359 2068 festina
391 2024 446 2086 pro
479 2005 595 2088 gaudio
628 2007 659 2068 in
691 2009 841 2068 montana
868 2003 1011 2086 perrexit.
1039 2021 1101 2084 quo
1131 2002 1213 2066 enim
1240 2002 1303 2066 iam
1328 2003 1386 2065 deo

243 2112 335 2192 plena
362 2112 425 2176 nisi
454 2112 494 2175 ad
521 2113 683 2193 superiora
706 2131 778 2176 cunr
804 2111 1005 2175 festinatione
1030 2109 1256 2174 contenderet?
1285 2109 1387 2174 nescit
1407 2133 1432 2174 rs

178 2213 219 2274 20
243 2217 333 2282 tarda
358 2217 523 2282 molimina
550 2219 652 2282 sancti
675 2218 806 2300 spiritus
831 2217 941 2301 gratia.
967 2217 1080 2280 discite
1109 2219 1234 2292 atnoe,
1259 2220 1386 2280 sanct-ae

243 2325 404 2402 mulieres,
443 2323 646 2388 sedulitatem
680 2343 776 2406 quam
808 2323 1032 2406 praegnatibus
1066 2322 1208 2387 debeatis
1241 2321 1386 2386 exhibere

244 2431 396 2514 cognatis.
420 2432 564 2506 Mariam,
590 2449 669 2512 quae
694 2433 765 2494 ante
790 2432 858 2494 sola
880 2432 911 2494 in
935 2430 1056 2494 intimis
1079 2429 1293 2512 penetralibus
1317 2447 1387 2493 uer-

244 2537 382 2614 sabatur,
419 2555 480 2600 non
518 2555 536 2598 a
572 2537 700 2619 publico
734 2535 927 2621 uirginitatis
964 2537 1075 2618 pudor,
1112 2555 1174 2600 non
1207 2535 1245 2600 ab
1279 2535 1386 2600 studio

243 2643 396 2725 asperitas
421 2643 587 2719 montium,
611 2663 672 2707 non
696 2643 733 2706 ab
755 2641 858 2707 officio
878 2643 1040 2724 prolixitas
1060 2643 1182 2707 itineris
1201 2641 1385 2706 retardauit.
1405 2647 1469 2704 sol-¹

242 2749 274 2812 in
299 2753 446 2813 montana
476 2749 566 2830 uirgo
596 2768 668 2813 cum
697 2749 908 2826 festinatione,
937 2749 1028 2834 uirgo
1057 2749 1154 2813 officii
1181 2768 1312 2826 memor,
1340 2748 1386 2811 in-

242 2855 341 2920 iuriae
377 2857 541 2934 inmemor,
573 2855 698 2920 adiectu
731 2857 870 2940 uigente,
907 2875 968 2920 nou
1002 2876 1078 2920 sexu
1110 2856 1220 2920 relicta
1251 2855 1388 2936 perrexit

176 2959 212 3020 2]
244 2963 346 3027 dorne.
371 2962 495 3040 discite,
525 2961 759 3046 ui1·gines,non
784 2964 1032 3027 circumcursare
1059 2981 1115 3045 per
1138 2962 1256 3026 alienas
1280 2962 1385 3040 aedes,

243 3090 303 3135 non
333 3070 486 3134 demorari
514 3069 546 3132 in
570 3069 696 3152 plateis,
724 3089 784 3133 non
810 3069 934 3152 aliquos
959 3070 989 3134 in
1014 3069 1141 3152 publico
1165 3070 1299 3134 miscere
1323 3088 1386 3132 ser·-

241 3193 363 3240 mones.
391 3176 492 3240 Maria
518 3176 550 3239 in
579 3176 671 3240 domo
701 3195 779 3251 sem,
808 3174 923 3240 festina
950 3175 981 3240 in
1009 3175 1138 3258 publico
1167 3175 1285 3240 mansit
1308 3183 1385 3257 aput
1404 3199 1429 3238 aa

240 3285 406 3366 cognatam
429 3302 517 3347 suam
538 3283 639 3346 tribus
660 3282 837 3358 mensibus;
858 3284 974 3346 etenim
995 3302 1074 3364 qnae
1095 3285 1222 3366 propter
1241 3281 1382 3346 officium
1448 3293 1506 3348 lass

333 3543 345 3596 1
365 3543 439 3596 Esai.
459 3545 537 3609 7,14
592 3545 626 3598 23
645 3545 658 3598 Ι
677 3543 746 3597 Tirn.
766 3546 790 3604 5,
812 3545 845 3596 13
900 3544 935 3597 24
955 3544 967 3596 Ι
988 3541 1047 3596 Cor.
1069 3543 1110 3610 14,
1130 3541 1164 3596 35

280 3702 292 3754 1
314 3701 391 3769 uirgo
411 3717 461 3754 om.
480 3702 508 3755 P
560 3703 576 3756 5
595 3703 675 3756 iudae
693 3702 767 3772 mss*
783 3701 879 3773 iudpae
900 3703 945 3757 udi
964 3700 1060 3756 iudeae
1079 3705 1127 3754 cet.
1182 3703 1198 3756 9
1218 3700 1338 3770 exemplo
1358 3701 1385 3768 (i

241 3807 263 3843 s.
283 3807 297 3842 o
317 3792 374 3856 m3)
393 3789 631 3860 PexemplumG
683 3793 842 3862 sterelisque
861 3793 880 3861 (i
899 3809 922 3846 a.
942 3809 955 3846 a
976 3793 1025 3844 alt.
1044 3791 1141 3856 mat?
1188 3792 1220 3844 16
1240 3777 1387 3860 εῇεᾶΧ

244 3881 277 3932 17
297 3879 490 3948 praegnatibus
508 3880 642 3934 mrPOV
657 3881 845 3950 praegnatibus
864 3879 894 3934 F
909 3882 951 3949 (in
968 3899 1019 3950 my.
1040 3879 1272 3950 praegnantibus),
1292 3899 1309 3931 π
1328 3881 1386 3946 (m2

241 3967 439 4037 praegrauidis)
456 3969 672 4037 praegnantibus
687 3970 777 4038 m3P‚
796 3975 843 4025 ru2
856 3971 909 4024 OV
926 3976 973 4024 cet.
1029 3969 1154 4024 exhibere
1168 3971 1196 4038 (b
1211 3985 1232 4022 s.
1247 3985 1275 4021 u.
1289 3970 1345 4034 md)
1362 3970 1388 4021 P

243 4057 276 4110 ‘23
296 4056 410 4124 uirginis
429 4061 482 4125 (-es
501 4059 558 4123 m3)
570 4057 598 4110 P
650 4059 728 4112 sedes
742 4077 759 4110 α
778 4058 870 4113 domos
885 4061 915 4113 X
933 4059 974 4126 (F
989 4061 1020 4113 in
1034 4075 1084 4128 mg.
1104 4058 1195 4124 aedes)
1236 4059 1270 4113 25
1285 4073 1345 4110 aera
1359 4055 1386 4108 B

242 4147 313 4198 seria
326 4145 354 4198 P
370 4148 389 4214 (i
409 4163 467 4214 exp.
487 4152 512 4200 et
530 4163 552 4200 s.
566 4150 614 4200 m3
630 4147 660 4200 id
679 4152 720 4202 est
739 4147 828 4215 tarda)
843 4168 860 4200 α
879 4151 898 4217 (i
917 4152 997 4216 exn),
1011 4149 1085 4219 pLV
1101 4149 1120 4218 (i
1139 4149 1220 4213 erae)
1238 4152 1286 4200 cet.
1345 4145 1385 4198 ie·

242 4235 329 4288 stinat
346 4235 404 4289 LX
420 4239 444 4302 (t
462 4251 531 4290 erae.
551 4237 618 4303 FV)
731 4238 765 4291 26
784 4255 860 4292 suam
880 4240 961 4292 etiarn
981 4239 1008 4292 P
1029 4244 1055 4292 et
1073 4241 1136 4299 (orn.
1155 4241 1222 4304 aput
1241 4239 1384 4303 cognatam

241 4327 361 4392 sueini-p
436 4327 535 4380 etenim
555 4341 643 4397 emp
