3042 4918
596 447 813 502 Praefatio.
1177 451 1270 517 Vssll

126 639 301 706 Theodosio
321 643 456 706 rixatum
481 663 551 708 esse
574 643 710 708 referant
733 643 828 708 huius
851 644 1003 727 temporis
1023 646 1162 711 annales,
1187 647 1270 711 deni-

126 767 183 829 que
216 747 463 830 pulcherrimam
496 749 584 813 illem
617 749 704 831 pacis
734 749 859 814 laudern
884 767 962 831 qnae
986 751 1091 829 VIIII,
1116 753 1158 817 32
1182 755 1270 834 (450,

126 857 246 936 8sqq.)
266 855 386 938 legitur
409 859 479 920 ante
502 855 632 920 Maximi
657 855 790 928 obitum,
816 855 870 938 qui
894 855 1019 922 occisus
1043 861 1091 922 est
1115 859 1186 922 anni
1205 861 1269 925 388

126 965 288 1038 autumno,
313 962 467 1026 conscribi
500 981 560 1026 non
593 963 736 1044 potuisse
767 963 945 1027 rectissimo
973 966 1010 1026 nt
1037 964 1114 1027 mihi
1143 966 1270 1048 quidem

125 1067 252 1130 uidetur
274 1067 441 1132 Rauschen
466 1089 496 1150 p.
516 1069 580 1133 495
601 1068 745 1134 adfirmat
762 1089 863 1150 neque
883 1069 960 1133 setis
980 1069 1130 1154 intellego
1155 1072 1271 1153 quibus

125 1175 320 1256 argumentis
348 1174 504 1239 adductus
533 1176 576 1238 sit
603 1175 673 1238 Ihm
701 1178 743 1258 (p.
772 1177 814 1239 26
843 1175 911 1240 adn.
941 1177 1005 1257 89),
1035 1179 1072 1240 ut
1100 1195 1177 1241 anno
1206 1179 1270 1242 386

126 1285 257 1345 exeunte
286 1281 339 1344 uel
362 1280 490 1345 ineunte
515 1282 659 1363 sequenti
683 1282 759 1346 talis
782 1281 1049 1364 diota'soriptaue
1073 1302 1143 1347 esse
1167 1284 1270 1348 existi-

125 1392 234 1452 maret
257 1387 318 1451 hoc
343 1387 426 1452 eninr
450 1392 591 1470 tempore
616 1387 676 1452 elsi
695 1387 866 1452 Mediolani
890 1388 1050 1454 tumultus
1075 1389 1270 1471 aliquantum

126 1496 227 1560 sedati
257 1500 347 1558 erant
373 1496 502 1558 minime
531 1501 636 1560 tamen
664 1515 719 1577 per
751 1499 851 1560 totam
880 1495 1005 1559 Italiam
1039 1495 1271 1562 dissensionum

125 1601 292 1683 procellae,
321 1601 353 1664 id
381 1601 466 1683 quod
493 1601 595 1684 planis
623 1603 728 1666 uerbis
757 1602 944 1666 Ambrosius
973 1603 1143 1686 praedicat,
1173 1603 1272 1668 deier-

125 1708 268 1772 buerant.

168 1815 230 1879 His
258 1815 359 1898 igltur
386 1816 531 1880 omnibns
559 1835 640 1896 quae
674 1815 910 1897 disputauimus
943 1815 1179 1899 comprehensis
1212 1815 1272 1880 atsi

127 1941 185 1985 non
220 1921 380 1986 euincitnr
411 1925 516 1986 tamen
545 1921 719 1986 uerisimile
746 1921 784 1986 fit
810 1921 1014 1986 Ambrosium
1042 1923 1104 1986 ism
1133 1923 1204 1986 inde
1233 1923 1271 1985 sb

127 2049 151 2092 a.
189 2030 254 2093 385
293 2029 396 2093 Lucae
434 2029 598 2113 euangelio
634 2049 690 2113 per
727 2048 884 2094 sermones
924 2029 1103 2112 exponendo
1146 2048 1271 2111 operam

127 2135 252 2200 dedisse
282 2134 377 2218 idque
407 2154 486 2218 opus
514 2154 570 2218 per
598 2135 677 2200 duos
707 2155 803 2200 annos
831 2136 1036 2218 insequentes
1061 2135 1270 2200 continuasse.

126 2261 152 2308 a.
187 2259 265 2305 uero
299 2241 364 2305 389
402 2243 506 2305 totum
542 2240 658 2304 librum
692 2241 754 2304 inm
786 2241 817 2304 in
851 2241 1012 2324 publicum
1046 2241 1202 2324 prodiisse
1235 2259 1270 2304 eo

127 2349 306 2426 edocemur,
331 2348 415 2430 quod
438 2349 650 2431 Hieronymus
673 2349 705 2411 in
729 2348 932 2431 praefatione,
957 2367 1051 2430 quam
1076 2347 1221 2430 Origenis
1241 2347 1272 2410 in

126 2457 231 2520 Lucan
270 2455 410 2553 homiliis
446 2455 543 2520 latine
581 2455 684 2518 uersis
721 2455 894 2537 praemisit,
925 2453 1125 2518 Ambrosiani
1169 2453 1272 2534 operis

126 2563 320 2628 mentionem
351 2561 429 2626 facit
460 2563 513 2643 (of.
546 2561 642 2625 huius
675 2561 877 2644 praelationis
915 2581 981 2642 cap.
1011 2561 1059 2642 V).
1092 2559 1270 2625 censionem

125 2673 233 2733 autem
260 2668 355 2732 istam
379 2669 417 2732 ab
436 2669 627 2750 Hieronymo
652 2688 679 2732 a.
700 2669 764 2732 389
789 2670 844 2732 aut
863 2669 927 2732 390
947 2667 1064 2732 editam
1084 2686 1154 2731 esse
1169 2666 1271 2749 ipsius

125 2775 311 2840 testimonio
341 2773 545 2839 confirmatur
571 2775 623 2857 (do
652 2775 709 2840 uir.
737 2774 782 2839 ill.
808 2794 832 2839 c.
857 2775 1015 2848 CXXXV;
1041 2774 1081 2838 ol.
1106 2773 1271 2837 Rauschen

124 2904 154 2965 p.
180 2883 269 2955 314).
293 2883 400 2945 utrum
433 2881 529 2945 uerba
557 2879 672 2962 quibus
702 2899 780 2945 usus
804 2880 990 2944 Ambrosius
1018 2880 1050 2944 in
1080 2881 1272 2964 expositione

124 2988 241 3070 psalmi
268 2987 399 3052 CXVIII
426 2987 465 3051 ad
493 2988 754 3052 commentarium
781 2987 812 3050 in
837 2987 942 3051 Lucan
974 2987 1116 3070 legentes
1145 2993 1273 3054 reuocat

124 3097 177 3176 (cf.
215 3097 268 3170 14,
302 3095 344 3158 38
377 3095 415 3157 de
446 3113 506 3174 quo
543 3096 691 3174 quonicm
727 3093 804 3156 aliti
834 3095 1024 3174 producimus
1059 3093 1271 3174 tractandum)

124 3219 306 3266 sermonem
330 3202 361 3263 in
386 3200 520 3264 ecclesia
538 3199 681 3264 habiturn
702 3203 847 3282 spectent
865 3219 902 3263 an
921 3199 1038 3264 librum
1058 3201 1120 3263 ianr
1140 3201 1271 3280 editum,

125 3308 306 3390 disceptare
334 3307 387 3369 uix
415 3307 527 3372 ausim.
551 3306 665 3388 reliqui
690 3306 847 3370 eiusmodi
873 3307 935 3370 loci
967 3311 1054 3388 (sunt
1086 3311 1192 3371 antem
1225 3309 1272 3374 hi:

124 3414 162 3479 de
190 3416 275 3496 patr.
305 3415 336 3490 4,
366 3415 422 3485 21;
453 3431 556 3494 expos.
584 3433 634 3494 ps.
662 3413 717 3476 XL
746 3433 771 3479 s.
801 3414 857 3488 383
888 3413 925 3476 de
953 3414 1092 3478 institut.
1126 3415 1206 3499 uirg.
1240 3417 1271 3496 6,

123 3524 181 3599 423
214 3519 350 3600 deniquo
378 3539 426 3602 ep.
454 3519 558 3583 LXlll
590 3519 628 3583 ad
658 3519 791 3584 Vercell.
815 3539 858 3584 ss.
885 3522 947 3584 109
980 3525 1012 3584 et
1046 3521 1119 3598 110,
1153 3540 1271 3602 quase

124 3625 347 3692 commentarii
372 3626 404 3689 in
432 3625 539 3690 Lucan
566 3626 621 3690 lib.
651 3625 679 3690 X
710 3645 752 3690 ss.
785 3627 959 3690 129-132
989 3626 1168 3710 desumpsit
1199 3629 1272 3692 Am-

124 3734 264 3814 brosius)
289 3731 329 3795 ad
351 3735 494 3814 tempora
521 3733 617 3796 huins
645 3733 718 3796 libri
746 3733 925 3796 scrinarius
950 3733 1125 3798 delinienda
1153 3735 1270 3798 nullius

124 3839 280 3906 momenti
306 3845 390 3902 sunt.

674 3999 732 4064 Ill.

169 4123 367 4205 Quaestione
400 4122 437 4186 de
465 4126 607 4206 tenpore
636 4141 698 4203 quo
729 4123 882 4206 expositio
911 4121 1069 4206 euangelii
1097 4121 1271 4187 secundnm

125 4232 231 4296 Lucan
257 4229 436 4311 composita
461 4233 510 4294 est
533 4230 676 4313 expeditu
699 4229 760 4293 inm
787 4229 825 4294 ad
849 4229 927 4294 olias
947 4247 996 4292 ros
1017 4228 1202 4294 accedamus
1223 4249 1272 4292 ex·

126 4337 300 4420 plicandas.
325 4353 360 4400 ac
383 4336 520 4420 primum
545 4336 701 4419 quomodo
725 4336 922 4418 inscripserit
944 4335 1131 4399 Ambrosius
1154 4335 1270 4399 librum
