3050 4936
251 387 314 449 506
728 377 925 430 Ambrosii

250 577 350 660 igitur
373 576 501 660 pietatis
524 574 725 658 magistrum.
750 573 843 637 docet
865 572 960 636 leotio
990 571 1066 653 quid
1094 575 1256 636 maternus
1285 572 1400 636 debeat
1464 575 1482 626 b

251 684 396 748 adlectus
424 683 553 760 imitari,
584 681 659 764 quid
689 681 779 764 sequi
808 680 984 744 reuerentia
1011 679 1159 753 filiorum,
1187 683 1225 743 ut
1257 679 1331 742 illae
1365 699 1399 743 se

252 789 383 854 offerant
410 791 441 854 in
470 789 608 853 tiliorum
637 787 797 872 perieulis,
826 787 892 850 illis
921 786 1059 867 amplius
1088 785 1227 850 solitudo
1257 791 1403 852 materne

164 896 228 958 133
254 917 347 979 quam
372 915 447 960 suae
475 895 587 959 mortis
615 894 777 958 maestitia
805 893 848 958 sit
877 893 987 958 dolori.
1017 911 1078 975 quo
1106 893 1175 958 loeo
1204 893 1402 958 uberrimum

251 1003 469 1067 testimonium
502 1001 623 1066 Mariae
656 1001 850 1084 uirginitatis
884 1000 1061 1064 adhibetur.
1094 1019 1196 1082 neque
1229 1001 1313 1064 enim
1348 1003 1402 1064 ab·
1434 1021 1445 1056 s

252 1113 382 1191 rogatur
409 1127 485 1172 uror
513 1107 637 1179 marito,
668 1125 740 1171 oum
769 1105 923 1188 scriptum
957 1105 1013 1169 sit:
1048 1105 1151 1186 quod
1183 1105 1281 1169 deus
1315 1124 1401 1170 oon·

252 1215 386 1279 iunxit
414 1215 527 1280 homo
556 1234 629 1278 non
659 1215 835 1296 separet,
865 1212 920 1276 sed
950 1231 1028 1293 qnae
1057 1219 1184 1294 propter
1211 1212 1401 1295 mysterium

253 1321 435 1405 coniugium
471 1321 648 1402 praetexuit
681 1319 835 1401 conpletis
867 1317 1027 1400 mysteriis
1060 1318 1123 1381 iarn
1157 1317 1305 1401 coniugio
1339 1338 1402 1383 non
1468 1320 1485 1373 t

253 1429 376 1512 egebat.
402 1435 458 1490 aut
477 1428 503 1490 si
523 1426 655 1490 moralia
674 1425 847 1506 sequimur,
866 1425 897 1487 in
916 1442 1057 1488 maerore
1077 1423 1208 1488 castitas
1227 1423 1401 1506 inperetur.

165 1534 228 1598 134
252 1534 423 1616 mysticum
448 1535 553 1596 tamen
579 1531 735 1614 estquod
760 1529 986 1595 conmendntur
1008 1530 1139 1594 Iohanni
1166 1530 1249 1594 inter
1275 1535 1401 1595 ceteros
1423 1560 1448 1597 m

251 1639 377 1718 iuniori,
402 1640 485 1720 quod
509 1658 569 1702 non
595 1639 706 1703 otiosis
726 1637 855 1701 auribus
876 1637 1027 1700 debemus
1049 1637 1200 1719 accipere.
1220 1637 1403 1720 periculosa
1513 1645 1514 1648 ’

252 1751 301 1811 est
324 1747 407 1810 enim
429 1746 617 1810 mulieribus
642 1745 755 1828 oopula
778 1745 991 1808 adulescentis
1017 1747 1048 1808 et
1067 1745 1189 1826 speeies
1209 1745 1401 1820 iuuentutis,

252 1873 290 1917 ne
327 1872 389 1934 que
425 1853 560 1917 tortasse
598 1853 723 1916 curiosa
761 1851 904 1933 exempli,
937 1851 1097 1916 incuriosa
1129 1851 1283 1934 mysterii,
1318 1872 1401 1934 quae

251 1959 400 2024 luxuriari
431 1961 463 2023 in
497 1959 622 2024 Christo
652 1959 782 2038 cupiens
811 1957 944 2022 Mariam
974 1957 1078 2039 speeie
1107 1957 1303 2039 praetendat,
1337 1978 1401 2022 non
1513 2043 1514 2050 ἵ

251 2067 394 2131 imitetur
427 2065 552 2143 affeetu,
582 2066 667 2129 sicut
701 2065 818 2148 uulgus
853 2083 934 2128 nuno
971 2063 1052 2127 male
1090 2063 1180 2128 audit
1217 2064 1400 2140 mulierum,
1424 2091 1445 2126 n

251 2173 360 2236 relicto
395 2173 518 2236 seniore
551 2172 664 2236 marito
702 2177 738 2235 nt
769 2171 924 2235 iuniorem
963 2175 1145 2252 sequentur.
1185 2170 1288 2234 discat
1324 2191 1400 2254 ergo
1463 2173 1483 2224 l·
1513 2205 1514 2208 ¹

252 2279 405 2344 eeclesiae
430 2279 481 2343 hio
506 2298 575 2343 esee
600 2279 799 2362 mysterium,
824 2297 903 2360 quae
928 2280 1045 2360 populo
1066 2277 1181 2342 seniori
1201 2279 1308 2359 speeie
1327 2285 1401 2343 ante

252 2387 409 2468 copulata,
426 2405 486 2450 non
503 2405 573 2462 usu,
590 2388 796 2469 posteaquam
813 2385 936 2468 peperit
955 2385 1088 2448 uerbum
1109 2387 1142 2448 et
1159 2385 1190 2449 in
1211 2386 1399 2466 corporibus

252 2511 287 2556 ao
308 2493 467 2556 mentibus
487 2493 651 2555 hominum
670 2511 726 2573 per·
744 2491 837 2556 fidem
858 2492 960 2556 crucis
981 2495 1013 2554 et
1032 2491 1227 2574 sepulturam
1248 2491 1401 2555 dominici

252 2599 391 2681 eorporis
416 2597 596 2675 seminarit,
622 2617 656 2662 er
675 2602 843 2681 praecepto
864 2597 914 2662 dei
934 2599 1117 2662 sotietatem
1137 2598 1249 2681 populi
1267 2599 1399 2663 iunioris
1419 2621 1444 2661 m

251 2706 358 2790 elegit.

165 2815 226 2876 135
297 2811 418 2890 Quaero
450 2813 546 2877 etiam
579 2831 634 2876 our
663 2816 734 2876 aute
762 2815 895 2875 mortem
924 2831 984 2877 non
1013 2811 1212 2876 inueniamus
1237 2830 1308 2875 esse
1331 2831 1399 2894 per-

252 2937 392 2994 cussum,
426 2921 500 3000 post
532 2921 664 2982 mortem
694 2917 904 2995 inueniamus,
933 2917 995 2982 nisi
1022 2917 1103 2982 forte
1130 2921 1169 2981 ut
1194 2917 1397 2982 uoluntarius

250 3023 354 3106 magis
374 3043 466 3105 quam
487 3025 683 3088 necessarius
705 3025 807 3088 exitus
827 3023 894 3088 eius
914 3025 1014 3088 fuisse
1034 3024 1183 3088 doceatur
1201 3029 1234 3088 et
1252 3024 1395 3088 ordinem
1461 3025 1478 3076 F

250 3130 421 3214 mysticum
445 3131 640 3208 nouerimus,
665 3131 822 3211 quianon
848 3135 919 3194 ante
944 3131 1052 3194 altaris
1077 3133 1274 3195 saeramenta
1302 3151 1397 3212 quarn
1417 3157 1443 3195 ss
1513 3187 1514 3236 1

251 3236 458 3318 baptismum,
493 3237 547 3300 sed
580 3237 775 3318 baptismum
808 3241 889 3313 ante,
928 3239 973 3302 sie
1010 3239 1171 3319 poculum.
1211 3237 1324 3302 deinde
1363 3243 1399 3301 ut

339 3446 472 3500 suarm.
494 3447 534 3507 19,
555 3446 570 3497 6
590 3444 647 3498 Iob.
670 3446 711 3506 19,
731 3445 763 3497 27
820 3443 930 3497 2310h.
953 3445 992 3512 19,
1012 3446 1047 3498 34

287 3571 453 3640 ldoceaty
473 3570 552 3624 docet
571 3571 652 3623 etiarn
673 3587 690 3620 α
736 3571 752 3622 :3
772 3569 887 3639 amplius
907 3574 934 3636 (u
954 3587 973 3623 s.
994 3575 1033 3637 u.)
1054 3571 1080 3622 P
1133 3570 1252 3624 solitudo
1273 3576 1361 3624 emt.
1382 3593 1399 3624 π

250 3664 306 3725 (m2
329 3658 484 3724 solicitudo)
508 3659 647 3712 BFGOV
670 3657 826 3712 sollicitudo
850 3659 871 3725 (l
890 3675 935 3726 pr.
959 3677 980 3713 s.
1005 3677 1031 3714 u,
1056 3661 1112 3725 2123)
1136 3659 1163 3712 P
1184 3665 1209 3712 et
1232 3679 1250 3709 α
1273 3663 1321 3712 m2
1349 3669 1397 3714 cei.

249 3750 264 3802 5
284 3749 431 3817 abrogatur
448 3747 529 3800 PBL
549 3748 695 3816 abrogetur
714 3747 758 3800 αθ
774 3747 951 3816 abrogaretur
969 3749 1015 3817 Xy
1075 3750 1090 3802 7
1109 3765 1157 3818 pro
1176 3750 1305 3816 mysterio
1325 3749 1399 3816 EyT

248 3837 264 3890 8
283 3837 435 3906 praetexuit
454 3840 478 3904 (e
494 3853 538 3904 pr.
558 3852 578 3890 s.
597 3838 636 3901 u.)
655 3836 681 3888 P
736 3835 769 3888 12
789 3836 884 3904 copula
902 3836 1091 3906 mulieribusy
1148 3837 1181 3890 14
1198 3837 1300 3890 mariae
1315 3837 1398 3892 PBL

284 3924 957 3994 specienyspeeie(eexem2yPspeciemcer.
997 3927 1029 3980 15
1045 3925 1168 3978 affectum
1184 3924 1261 3978 PCL
1301 3927 1334 3979 16
1354 3945 1397 3979 se·

249 4018 379 4082 quatury
400 4017 521 4066 seruatur
539 4014 566 4065 P
584 4017 667 4081 (quau
686 4029 707 4065 s.
727 4031 775 4066 rua
793 4017 850 4082 m3)
870 4013 895 4064 L
911 4011 916 4019 '
932 4013 965 4066 20
984 4014 1098 4066 iunioris
1117 4014 1210 4084 populi
1229 4013 1252 4066 0
1287 4014 1322 4066 22
1342 4031 1397 4084 qua

249 4116 312 4168 ergo
332 4102 414 4154 etiarn
434 4102 463 4152 X
535 4103 568 4156 ‘23
588 4105 781 4171 postmortem
801 4101 969 4155 inueniamus
989 4119 1040 4158 om.
1060 4103 1091 4154 X
1171 4103 1394 4158 uoluntarius...

249 4188 343 4259 fuisse]
368 4193 449 4242 notus
474 4190 530 4244 eius
554 4190 638 4244 fuisse
657 4191 684 4244 P
705 4193 747 4258 (iu
769 4208 820 4259 my.
843 4191 896 4258 ires.
920 4191 1091 4244 uoluntarius
1115 4193 1203 4245 exitus
1229 4193 1287 4246 eine
1307 4194 1395 4260 magis

249 4293 329 4345 quoru
349 4279 515 4330 necessarius
535 4283 590 4344 rnS)
610 4279 635 4330 L
690 4281 724 4332 25
745 4295 822 4348 qnam
843 4295 893 4333 om.
913 4279 965 4332 PL
