3042 4918
598 437 817 492 Praefatio.
1233 442 1280 505 ΠΙ

137 653 204 698 esse
233 633 382 698 coniecit.
414 637 446 696 at
474 631 579 716 opinio
606 632 670 696 ista
701 651 763 714 quo
797 633 916 697 nitatur
946 653 1005 696 uon
1038 633 1147 708 habet;
1181 634 1278 698 immo

137 739 231 804 uariis
257 739 455 822 temporibus
480 757 552 802 eum
576 739 679 802 uarias
703 739 861 822 euangelii
884 742 999 821 partes,
1025 742 1062 803 ut
1080 743 1136 806 aut
1155 741 1278 805 occasio

136 845 301 923 dabatur³l
326 849 382 909 aut
405 845 555 910 ecclesiae
578 864 655 910 usus
680 845 873 927 postulabat,
899 847 1082 927 exposuisse
1106 847 1278 912 uerisimile

136 959 189 1018 est.
205 954 323 1018 etenim
334 953 522 1019 Ambrosius
533 954 560 1017 si
570 955 731 1034 tamquam
742 954 827 1017 iusto
839 955 1065 1020 commentario
1077 954 1277 1039 euangelium

134 1061 235 1124 Lucae
258 1065 296 1124 ut
318 1065 563 1142 prosequeretur
586 1059 647 1124 sibi
670 1059 899 1143 proposuisset,
923 1061 977 1125 uir
1000 1064 1048 1126 tot
1076 1061 1148 1126 libri
1177 1062 1278 1126 saneti

134 1171 237 1248 partes
262 1185 381 1247 easque
399 1168 477 1230 satis
497 1185 609 1250 graues
630 1165 756 1230 silentio
775 1167 1021 1248 praeterissem).
1046 1185 1081 1230 ex
1106 1167 1155 1230 his
1178 1167 1278 1250 igitur

134 1273 333 1337 sermonibus
357 1273 543 1336 Ambrosius
567 1273 683 1336 librum
708 1272 896 1354 composuit,
922 1272 977 1336 sed
994 1263 1051 1337 ¹ita
1078 1277 1115 1337 ut
1142 1275 1172 1338 iu
1205 1293 1277 1338 cou-

133 1379 266 1443 ticiendo
288 1397 381 1460 opere
401 1378 555 1461 quaedam
576 1397 653 1460 quae
668 1379 707 1443 ad
720 1380 875 1460 populum
889 1379 1017 1444 locutus
1032 1383 1099 1444 erat
1113 1380 1275 1455 recideret,

133 1485 192 1548 alia
207 1503 284 1549 uero
301 1484 439 1549 adderet.
455 1489 549 1568 atque
569 1485 649 1548 illud
669 1504 702 1548 se
721 1485 835 1550 iecisse
854 1504 916 1549 uno
937 1486 1050 1550 saltem
1069 1487 1139 1552 loco
1160 1486 1276 1552 diserta

130 1592 196 1674 ipse
221 1593 391 1674 episeopus
415 1591 535 1656 indicat
557 1593 607 1656 his
631 1591 737 1656 uerbis
762 1594 941 1674 quesibi,
966 1597 986 1653 4
1011 1613 1080 1676 sqq.
1111 1593 1273 1678 leguntur:

130 1699 375 1779 sequebatur
408 1698 446 1761 dc
477 1697 577 1761 uidua
609 1698 692 1762 iocus
725 1699 806 1780 (scil.
839 1699 913 1764 Luc.
947 1701 1000 1777 21,
1036 1699 1147 1783 1-4l,
1180 1721 1275 1780 pico-m

131 1805 281 1885 picenium
299 1807 365 1868 inm
384 1807 417 1867 iu
437 1805 516 1869 libro
535 1825 623 1886 quem
642 1805 678 1869 de
699 1805 804 1868 scideris
821 1805 1004 1885 scripsimus
1016 1805 1275 1886 praedicabimus

128 1933 232 1976 rruuc
267 1917 580 1992 sequestramus.
619 1932 698 1994 quae
736 1911 832 1976 uerba
869 1913 993 1977 omuino
1032 1913 1175 1996 intellegi
1212 1932 1273 1978 non

170 2188 188 2257 ³)
209 2188 392 2242 Luculentum
412 2188 493 2242 huius
512 2189 550 2242 rei
570 2190 718 2260 exemplum
735 2189 823 2243 adfert
837 2191 916 2260 epist.
936 2190 997 2244 XLI
1017 2208 1040 2244 a.
1060 2192 1112 2244 388
1131 2193 1272 2260 Aquileiae

128 2279 228 2346 scripta
249 2283 278 2330 et
297 2276 331 2330 ad
351 2293 468 2330 sororem
491 2279 582 2334 missa.
602 2293 655 2346 qus
676 2278 834 2331 Ambrosius
853 2283 945 2331 narrat
964 2280 1132 2332 occasionem
1152 2281 1205 2334 sibi
1224 2281 1271 2334 ob-

127 2366 205 2420 latam
229 2383 258 2420 se
279 2366 430 2436 adripuisse
454 2370 484 2419 ut
502 2367 530 2419 in
549 2365 701 2420 Theodosio
720 2371 862 2437 praesente
885 2367 995 2420 nimiam
1016 2369 1198 2435 seueritatem,
1219 2387 1272 2439 qua

126 2456 168 2509 ille
186 2457 213 2509 in
234 2455 383 2508 monachos
399 2453 591 2508 Callinicenses
605 2459 748 2521 statuerat,
767 2455 939 2525 exprobraret
957 2456 1092 2525 euangelii
1111 2473 1164 2510 seo.
1178 2457 1271 2512 Lucan

126 2561 146 2598 c.
161 2545 175 2598 7
190 2560 235 2600 uu.
253 2542 369 2608 36-50,
385 2558 450 2610 quos
470 2559 562 2596 omues
581 2542 667 2596 lector
684 2544 819 2612 recitauit,
838 2544 974 2613 expositis.
995 2547 1023 2597 et
1036 2543 1158 2613 proiecto
1174 2562 1271 2615 operae

125 2633 238 2701 pretium
265 2631 357 2698 faciet,
381 2632 427 2699 qui
450 2648 599 2685 sermonem
624 2632 696 2686 huuc
719 2650 778 2687 cum
803 2634 987 2687 commentarii
1010 2633 1038 2686 in
1061 2633 1153 2687 Lucan
1177 2634 1195 2689 l.
1220 2635 1271 2688 vll

125 2739 157 2776 ss.
177 2723 208 2776 12
228 2736 291 2790 sqq.
312 2721 516 2791 comparauerit.

167 2830 186 2894 ⁴)
205 2829 357 2881 Praeterea
384 2827 583 2881 animaduertes
611 2828 691 2880 uelim
716 2828 885 2882 Ambrosium
913 2846 966 2882 non
995 2830 1081 2882 solum
1111 2829 1268 2898 saepissime

125 2915 255 2970 Matthaei
269 2917 353 2970 Marci
366 2915 495 2970 Iohannis
510 2916 593 2970 uerba
608 2919 636 2970 et
650 2917 799 2970 sententias
813 2920 944 2986 respicere
959 2919 1041 2986 inque
1054 2917 1087 2970 iis
1103 2917 1267 2986 exponendis

124 3022 226 3074 operam
248 3021 419 3070 consumere,
438 3003 485 3058 scd
505 3006 587 3058 etiam
606 3005 652 3058 bic
670 3005 714 3058 uel
732 3003 789 3058 illie
809 3021 839 3058 ex
857 3007 978 3074 professo
993 3023 1008 3058 a
1024 3009 1171 3058 ceterorum
1188 3022 1269 3058 euerr-

123 3095 247 3162 gcliorum
273 3091 395 3147 uersibus
415 3093 522 3146 initium
542 3092 717 3162 praedicandi
735 3111 848 3146 sumere.
867 3095 944 3146 uelut
963 3109 1031 3162 quae
1046 3095 1074 3146 in
1087 3094 1157 3148 libro
1172 3097 1268 3163 quarto

125 3183 179 3250 142,
198 3185 374 3254 aporiantur
393 3199 485 3236 sacrae
504 3183 652 3252 scripturae
671 3182 762 3246 uerba,
782 3183 840 3236 sine
860 3183 943 3236 dubio
963 3183 1027 3236 elim
1046 3199 1062 3236 a
1081 3183 1182 3236 lectore
1201 3183 1268 3237 reci·

123 3273 185 3336 tata,
213 3291 267 3327 non
296 3289 311 3324 e
338 3271 427 3325 Lucae
456 3271 496 3340 (id
525 3271 596 3340 quod
624 3271 732 3341 fugerat
758 3275 862 3340 putrem
889 3277 988 3338 meum)
1015 3271 1063 3324 aed
1092 3288 1106 3324 e
1133 3272 1269 3326 Matthaei

125 3363 262 3430 euangelio
287 3361 378 3430 petita
400 3363 463 3412 suut
486 3365 513 3412 et
536 3360 630 3413 itidem
654 3360 736 3412 uerba
755 3360 803 3412 illa
821 3359 1132 3428 quadrupiutu...dies
1149 3361 1220 3427 (147,
1240 3361 1268 3426 3)

124 3449 190 3517 apud
216 3449 392 3504 Matthasum
418 3448 601 3502 inueniuntur.
630 3465 664 3500 eu
691 3447 774 3500 habes
798 3448 937 3501 homiliam
961 3449 989 3499 in
1011 3448 1181 3500 Matthaeum
1204 3445 1268 3501 libri

122 3539 206 3606 quarti
239 3555 275 3590 ss.
306 3537 394 3590 7-16
423 3536 640 3605 conprehensam.
669 3535 766 3588 deiude
795 3537 936 3605 episcopus
965 3551 993 3588 se
1021 3553 1075 3588 non
1101 3535 1191 3588 Lucae
1219 3537 1268 3590 sed

121 3623 199 3679 Marci
222 3631 251 3680 et
275 3625 412 3679 Matthaei
436 3625 519 3679 uerba
542 3629 659 3678 tractare
683 3625 740 3693 ipse
765 3625 818 3678 nisi
842 3625 921 3678 fallor
948 3623 1052 3677 indicat
1079 3624 1168 3678 uerbis
1198 3641 1266 3692 quae

120 3715 177 3780 486,
200 3717 235 3768 20
261 3717 372 3769 exstant
398 3720 509 3782 uterque
535 3714 569 3766 de
595 3714 694 3781 quibua
716 3715 915 3783 proposuimus
943 3713 1135 3782 cuunpctistue.
1165 3713 1264 3765 etenim

121 3803 284 3873 proponendi
308 3803 440 3856 uocabulo
469 3803 612 3872 scriptores
638 3802 816 3856 ecclesiastici
844 3807 966 3870 utuntur,
995 3802 1041 3855 ubi
1070 3801 1103 3854 de
1131 3801 1265 3872 pericopis

120 3905 205 3944 sacrae
225 3893 378 3962 scripturae
394 3889 567 3944 aleatoribus
582 3892 703 3944 recitatis
718 3891 802 3944 uerba
815 3892 932 3956 faciunt;
947 3890 980 3944 es.
996 3890 1132 3944 Ambrosii
1147 3906 1188 3960 ep.
1202 3890 1266 3944 XLI

121 3994 139 4034 s.
160 3981 192 4032 ‘l‘l
221 3981 275 4034 Ubi
300 3979 434 4047 chaumati,
459 3981 500 4032 uit
523 3981 589 4047 (scil.
614 3979 781 4033 Theodosius
810 3981 966 4050 imperator)
994 3981 1077 4033 mihi:
1105 3979 1141 4032 de
1167 3980 1264 4033 ischis

116 4069 335 4136 proposuisti.
360 4069 502 4136 impendi:
526 4069 576 4122 icoc
599 4070 754 4122 tractuui
777 4069 851 4138 quod
875 4070 914 4122 ud
937 4069 1086 4122 utilitatem
1110 4073 1186 4120 tuum
1199 4084 1262 4135 per-

119 4155 216 4212 tineret.
238 4157 349 4210 omnino
371 4161 461 4210 autem
480 4157 581 4210 multae
600 4157 663 4210 libri
687 4155 783 4210 decimi
806 4161 897 4226 partes
921 4159 960 4211 ita
985 4157 1168 4211 conformatae
1192 4159 1263 4220 sunt,

120 4247 147 4294 ut
163 4261 214 4298 non
235 4246 336 4301 Lucan.
357 4245 405 4298 sed
422 4246 590 4299 harmoniam
611 4245 744 4314 quandam
765 4249 795 4300 ut
809 4247 885 4300 aiunt
901 4246 1102 4314 euangeliorum
1119 4245 1146 4298 in
1162 4244 1263 4300 Christi

119 4333 237 4398 passione
256 4332 402 4387 tractanda
421 4335 498 4402 sequi
517 4333 643 4388 uideatur
663 4333 830 4388 Ambrosius.

1195 4437 1226 4491 a*
