3044 4930
272 441 413 512 Expositio
433 443 567 512 euangelii
587 441 676 496 Lucae
695 441 722 496 11
740 444 846 498 57-59
866 442 947 512 (1300
966 443 1094 498 n-1301
1115 443 1157 510 Β).
1250 447 1292 510 73

145 637 343 720 praescripta
367 637 544 720 signabant,
569 655 605 701 eo
625 637 709 719 quod
729 639 818 702 solus
837 641 965 702 sanctae
985 639 1138 703 ecclcsiae
1158 639 1292 724 uirginis

149 744 186 809 ad
211 742 407 829 generandos
439 745 575 826 populos
604 743 654 807 dei
683 743 894 809 inmaculatae
922 745 1129 810 fecunditatis
1158 745 1293 828 aperiret

149 851 287 935 genitale
315 853 482 916 secretum.
516 849 568 914 hic
597 869 671 933 ergo
700 851 789 915 solus
818 851 943 934 aperuit
970 851 1032 915 sihi
1059 852 1202 917 uuluam.
1236 870 1292 916 neo

147 958 276 1030 mirum:
295 957 349 1038 qui
364 957 447 1020 enim
464 955 583 1020 dixerat
599 956 638 1020 ed
652 957 853 1039 prophetam:
874 959 1096 1040 priusquam
1112 962 1147 1022 te
1162 957 1292 1022 forma-

117 1083 223 1127 erem
248 1063 284 1127 in
308 1067 427 1136 utero,
451 1063 540 1127 noui
564 1065 600 1126 te
625 1063 720 1128 etin
745 1065 866 1128 uulua
889 1065 1022 1128 matris
1045 1064 1292 1129 sanetificeui
1314 1067 1336 1119 D

148 1173 195 1244 te,
220 1169 276 1252 qni
299 1188 374 1252 ergo
398 1170 530 1234 uuluam
554 1169 767 1236 sanctificauit
789 1171 934 1247 alienam,
959 1174 996 1236 ut
1019 1175 1201 1235 nasceretur
1223 1189 1292 1253 pro-

146 1275 253 1356 pheta,
276 1275 327 1340 hic
347 1278 396 1342 eet
415 1276 469 1358 qui
488 1276 613 1358 aperuit
631 1275 742 1341 matris
762 1295 838 1341 suae
857 1277 998 1354 uuluam,
1023 1279 1060 1340 ut
1078 1277 1292 1341 inmaculatus

148 1385 254 1451 exiret.

50 1497 85 1558 58
190 1493 237 1557 Et
256 1510 343 1556 ecce
363 1491 468 1556 homo
484 1491 611 1556 eratin
627 1491 880 1568 Hierusalem,
900 1491 960 1554 cui
976 1511 1105 1555 nomen
1123 1490 1292 1573 Symeon,

43 1603 185 1668 namnet
207 1601 316 1664 horno
340 1598 414 1662 iste
445 1599 572 1663 iustus
607 1603 644 1662 et
666 1597 880 1675 timoratus,
910 1602 1134 1680 exspectans
1164 1616 1293 1662 conso-

148 1707 329 1771 lationem
348 1707 504 1772 Israhel.
524 1725 584 1770 non
606 1705 709 1769 nolum
726 1705 765 1770 ab
781 1705 902 1790 angelis
918 1709 949 1770 et
967 1703 1141 1788 prophetis,
1157 1707 1292 1787 apasto-

147 1813 235 1878 ribus
259 1817 292 1878 et
314 1812 509 1895 parentibus,
534 1811 590 1876 sed
614 1813 710 1876 etiam
730 1832 748 1876 a
767 1811 944 1877 senioribus
965 1815 998 1876 et
1015 1811 1109 1875 iustis
1130 1813 1290 1896 generatio
1316 1822 1382 1877 1301
1402 1821 1426 1876 A

149 1919 268 1985 domini
301 1919 418 2002 accipit
449 1919 678 1984 testimonium.
713 1919 813 1984 omnis
847 1921 934 1984 actas
967 1921 1000 1984 et
1031 1921 1165 2000 uterque
1199 1937 1292 1982 serus

148 2032 398 2108 euentorunrque
417 2025 568 2090 miracula
588 2024 682 2089 fidem
702 2025 885 2091 adstruunt:
905 2026 996 2110 uirgo
1016 2029 1154 2110 generat,
1174 2025 1292 2090 sterilis

106 2155 130 2196 ra
146 2136 239 2216 parit,
263 2137 373 2198 mutue
393 2133 543 2216 loquitur,
567 2133 710 2198 Elisabet
727 2133 906 2216 prophetat,
925 2151 1039 2216 magus
1059 2131 1178 2208 adorat,
1203 2135 1292 2196 utero

147 2241 277 2304 clausus
310 2238 457 2316 exsultat,
491 2239 589 2302 uidua
621 2239 798 2316 confitetur,
825 2239 931 2302 iustus
956 2241 1127 2320 exspectat.
1160 2241 1193 2301 et
1215 2238 1293 2302 bene

146 2347 264 2422 iustus,
288 2345 342 2426 qui
366 2363 426 2409 non
452 2337 562 2422 suam,
577 2343 633 2408 sed
657 2345 766 2428 populi
789 2343 923 2428 gratiam
946 2343 1137 2426 requirebat,
1162 2342 1293 2426 cupiens

145 2453 213 2536 ipse
229 2470 396 2534 corporeae
410 2451 548 2516 uinculis
565 2451 749 2536 fragilitatis
765 2451 898 2528 absolui,
915 2451 970 2515 sed
985 2453 1170 2534 exspectans
1185 2449 1293 2513 uidere

146 2559 356 2641 promissum
390 2558 512 2622 sciebat
540 2557 622 2622 enim
651 2558 725 2640 qnia
755 2557 856 2622 beati
886 2557 988 2622 oculi
1017 2556 1080 2638 qui
1108 2555 1292 2620 uiderent.

52 2668 86 2732 59
106 2689 131 2730 ac
147 2685 242 2730 nune
266 2665 371 2746 inquit
395 2663 546 2728 dimitte
571 2683 721 2728 seruum
744 2669 860 2728 tuum.
885 2663 958 2728 uide
977 2663 1099 2727 iustum
1119 2663 1336 2728 uelutoor-13

45 2787 96 2841 trs
148 2791 260 2857 pereae
284 2789 409 2836 carcere
432 2771 526 2836 molis
550 2770 708 2836 inclusum
732 2771 816 2835 uelle
841 2769 985 2844 dissolui,
1009 2771 1047 2833 ut
1068 2768 1201 2851 incipiat
1224 2785 1294 2832 esse

150 2899 222 2945 cum
247 2877 391 2954 Christo;
425 2877 590 2943 dissolui
614 2877 696 2941 enim
721 2881 758 2942 et
781 2897 862 2942 enm
887 2876 1038 2943 Christo
1063 2893 1146 2940 esee
1174 2875 1293 2939 multo

149 2987 295 3051 melius.
328 2984 385 3049 sed
408 2984 462 3068 qni
485 2986 559 3048 uult
586 2983 704 3048 dimitti
732 2984 841 3048 ueniat
868 2983 898 3047 in
927 2983 1094 3065 templum,
1128 2981 1237 3045 ueniat
1263 2981 1294 3044 in

149 3092 362 3169 Hierusalem,
395 3093 556 3174 exspectet
580 3090 741 3156 Christum
766 3089 894 3166 domini,
927 3089 1063 3170 accipiet
1089 3087 1121 3151 in
1150 3087 1295 3152 manibus

109 3223 133 3264 ss
149 3202 283 3266 uerbum
321 3198 372 3264 dei
414 3203 446 3263 et
488 3199 707 3281 conplectatur
747 3195 939 3280 quibusdam
975 3194 1049 3258 fidei
1090 3213 1167 3258 suae
1208 3195 1295 3258 hrac-

150 3309 239 3374 chiis.
273 3311 351 3371 tune
383 3305 571 3381 dimittetur,
608 3307 645 3368 ut
676 3323 737 3368 non
770 3302 878 3367 uideat
910 3305 1055 3378 mortem,
1093 3301 1148 3384 qui
1179 3299 1296 3364 uiderit

238 3515 351 3570 4Hier.
372 3517 431 3584 1‚5
524 3514 556 3566 16
574 3513 639 3566 Luc.
660 3513 685 3579 2,
704 3511 739 3565 38
809 3513 842 3564 19
861 3511 925 3565 Luc.
948 3511 989 3578 10,
1009 3511 1043 3564 23
1120 3509 1155 3563 22
1175 3507 1294 3577 Philipp.

153 3609 178 3674 1,·
195 3607 229 3661 23
284 3603 560 3670 23Lue.2‚27sq.
616 3599 649 3653 26
669 3599 734 3654 Luc.
754 3602 780 3670 2,
800 3600 835 3654 30

186 3731 203 3784 2
222 3727 338 3800 populos
356 3730 383 3796 (o
403 3727 452 3782 alt.
472 3743 505 3780 cx
523 3742 539 3778 n
558 3726 616 3790 m2)
635 3725 662 3778 P
715 3726 731 3778 6
751 3724 797 3794 qni
817 3741 881 3793 crgo
900 3722 1009 3776 uuluam
1029 3721 1209 3776 sanctiticnuit
1226 3737 1248 3774 a.
1267 3737 1294 3775 aa.

151 3823 198 3873 m2
216 3819 244 3872 P
324 3817 399 3886 ergo]
420 3815 528 3885 enimp
600 3817 731 3868 9nomen
752 3817 811 3866 erat
829 3814 943 3881 P(erat
961 3813 1042 3878 eras.)
1061 3812 1091 3864 X
1165 3809 1197 3863 10
1216 3809 1295 3862 horno

152 3909 204 3962 inte
223 3909 254 3960 ia
271 3923 328 3960 ras.
348 3905 376 3958 P
431 3905 461 3958 11
482 3903 637 3974 pastoribus
656 3907 683 3971 (e
701 3919 734 3956 ec
752 3904 779 3968 o)
793 3903 821 3955 P
870 3903 903 3955 13
922 3900 1022 3969 accipit
1039 3899 1111 3952 PcB
1129 3898 1234 3968 accepit
1248 3903 1295 3951 cet.

155 3999 186 4050 14
206 3997 349 4058 adstruant
367 3997 394 4062 (r
412 4010 434 4048 e.
454 4009 470 4057 a
487 3994 545 4058 m3)
564 3993 592 4046 P
682 3993 714 4046 18
733 3991 892 4060 fragilitatis
911 3989 941 4058 (li
960 4005 981 4044 s.
1000 3990 1038 4054 u.)
1057 3987 1085 4040 P
1159 3987 1296 4058 emoluip

155 4088 186 4139 19
206 4086 252 4155 qui
272 4101 332 4138 eum
353 4101 371 4136 a
443 4081 571 4135 uiderunt
591 4085 615 4149 (e
634 4097 656 4134 a.
676 4097 693 4134 u
713 4081 761 4136 alt.
781 4083 838 4146 m3)
857 4079 898 4150 Ργ
953 4076 1164 4131 redimitorum
1231 4081 1295 4144 post

154 4177 230 4228 tuum
249 4173 314 4226 aad.
334 4160 386 4226 dne
405 4171 478 4241 ΕγΤ
548 4171 583 4224 24
602 4173 756 4240 expectatet
773 4173 814 4236 (at
831 4171 912 4234 eros.)
931 4167 958 4219 P
976 4169 1100 4236 expectet
1118 4171 1146 4218 et
1167 4165 1193 4218 G
1267 4165 1296 4216 in

155 4261 277 4317 manibus
295 4261 336 4324 (in
354 4262 422 4326 rae.)
438 4261 464 4312 P
499 4261 533 4315 25
551 4259 630 4313 uelut
648 4257 809 4329 quibusdem
829 4257 890 4329 αΟχ
943 4271 1007 4308 suae
1027 4253 1183 4322 husim,
1202 4251 1296 4307 onaG

188 4350 322 4405 bracchiis
341 4351 368 4404 P
386 4348 505 4403 brachiis
523 4353 587 4415 cet.,·
599 4353 665 4417 peel
683 4346 816 4402 bracchiis
836 4345 900 4399 add.
921 4342 1048 4413 operibus
1065 4343 1122 4396 suis
1140 4359 1159 4412 χ
