3108 4932
289 429 428 500 Expositio
450 428 583 497 euangelii
603 429 691 482 Lucae
711 428 760 482 VII
779 429 884 482 32—35
904 430 985 493 (1418
1003 431 1133 485 F-1419
1152 431 1192 498 Ε).
1247 435 1309 498 297

41 623 91 686 33
209 627 321 708 Itaque
344 630 381 689 ut
404 624 551 688 aduentus
575 623 667 687 deum
692 643 752 688 non
778 625 883 688 cultus
908 629 1124 708 aspernantem
1150 647 1230 706 esse,
1256 627 1311 692 sod

165 732 295 810 fraudis,
316 733 370 814 qui
385 731 606 814 repudiauerat
618 730 855 794 fraudulentum
871 732 962 814 eligit
975 733 1174 798 innocentem
1190 734 1311 798 dicens:

29 858 103 913 neo
166 859 325 921 sequere
363 857 427 902 rne.
466 837 522 902 sed
554 837 614 900 boc
648 836 725 901 dicit
757 838 784 901 ei
819 839 909 902 cuius
942 845 1064 920 patrem
1096 841 1158 904 iam
1192 841 1312 906 sciebat

166 949 337 1022 mortuum.¹
362 945 455 1010 illum
479 945 589 1026 utique
613 947 746 1026 patrem,
771 945 808 1008 de
834 965 894 1026 quo
919 947 1040 1010 dictum
1066 949 1115 1011 est
1133 948 1195 1011 illi:
1221 949 1311 1012 obli-

134 1054 314 1118 euiscere
339 1051 485 1116 domum
509 1051 629 1132 patris
654 1051 719 1114 tui.
745 1051 819 1116 uide
842 1052 941 1135 igitur
964 1053 1039 1135 quia
1063 1053 1209 1118 dominus
1229 1075 1309 1137 quos
1334 1069 1354 1124 C

165 1161 333 1224 miseratur
366 1159 459 1222 etlam
493 1158 697 1240 inprudentes
731 1159 865 1223 aduocat
898 1163 930 1223 θῖ
961 1161 1136 1243 postulanti
1164 1165 1311 1243 paternae

42 1265 90 1326 34
164 1266 291 1330 neniam
314 1265 495 1347 sepulturae
525 1266 698 1348 respondit:
729 1266 808 1330 sine
836 1267 974 1330 mortui
1005 1268 1194 1348 sepeliant
1221 1288 1310 1332 mor-

30 1385 54 1438 9,
71 1383 102 1426 60
165 1377 252 1436 tuos
277 1391 376 1444 suos,
402 1375 443 1436 tu
467 1375 588 1436 autern
615 1371 708 1436 uade
732 1373 912 1436 adnuntia
931 1393 1085 1457 regnum
1111 1374 1179 1439 dei.
1204 1376 1310 1456 itaque

165 1497 237 1546 cunr
256 1478 441 1561 religiosum
460 1477 612 1542 humandi
632 1479 846 1560 acceperimus
868 1479 1019 1556 officium,
1044 1481 1310 1563 quemadmodum

122 1610 148 1648 ιο
165 1585 217 1650 hic
240 1587 361 1667 paterni
385 1605 508 1667 quoque
533 1585 652 1648 funeris
677 1585 840 1666 sepultura
862 1587 1047 1667 prohibetur
1069 1588 1130 1652 nisi
1156 1593 1193 1652 ut
1220 1589 1310 1652 intel·

164 1693 252 1776 legas
272 1691 410 1755 bumana
427 1690 646 1772 posthabenda
665 1691 803 1754 diuinis?
822 1693 939 1756 bonum
960 1693 1112 1769 studium,
1133 1693 1189 1758 sed
1207 1695 1311 1760 maius
1331 1711 1354 1762 b

164 1799 429 1880 inpedimentum
463 1817 533 1862 narn
568 1797 622 1879 qui
654 1801 789 1880 partitur
821 1799 963 1864 studium
997 1800 1120 1865 deriuat
1152 1801 1310 1879 affectum,

165 1906 219 1986 qui
244 1904 361 1970 diuidit
384 1924 489 1968 curam
516 1905 619 1968 differt
642 1905 828 1986 profectum.
854 1925 928 1988 ergo
952 1905 1040 1986 prius
1065 1907 1209 1971 obeunda
1232 1927 1310 1988 quae

164 2011 314 2088 maxima;
339 2031 410 2074 narn
435 2013 467 2074 et
491 2011 636 2093 apostoli,
662 2031 699 2074 ne
725 2015 914 2093 occuparent
946 2013 1089 2076 studium
1117 2014 1310 2095 disputandi,

41 2121 88 2182 35
122 2142 147 2180 re
165 2117 328 2182 ministros
366 2117 558 2199 pauperibus
596 2117 778 2182 ordinarunt
819 2121 851 2181 θῖ
890 2119 981 2200 ipsis,
1020 2138 1091 2183 oum
1129 2140 1147 2184 a
1184 2107 1310 2186 domino

166 2225 375 2299 mitterentur,
408 2224 563 2288 nemiuem
592 2225 623 2288 in
652 2225 706 2289 uia
733 2225 871 2288 salutare
900 2227 1127 2310 praescriptum
1158 2233 1216 2304 θεῖ,
1249 2248 1310 2293 non

166 2349 227 2411 quo
255 2330 487 2394 beniuolentiae
517 2331 700 2413 displiceret
728 2332 879 2410 osticium,
905 2333 960 2396 sed
989 2353 1050 2414 quo
1078 2335 1310 2417 persequendae

32 2461 69 2516 ro,
86 2460 101 2502 r
165 2438 344 2502 deuotionis
354 2437 487 2502 intentio
498 2438 570 2518 plus
585 2440 734 2519 placeret.
751 2439 909 2519 quomodo
925 2443 1029 2502 autem
1045 2441 1161 2504 mortui
1177 2443 1309 2524 sepelire
1332 2453 1355 2506 Ε

165 2547 307 2608 mortuos
330 2547 467 2626 possunt
494 2544 555 2607 nisi
584 2543 739 2627 geminam
770 2545 822 2608 bic
849 2545 1015 2630 intellegas
1044 2551 1188 2624 mortem,
1217 2569 1310 2613 unam

115 2677 144 2716 oo
164 2656 304 2726 naturae,
329 2651 458 2714 alteram
479 2650 612 2733 culpae?
637 2655 686 2714 est
705 2651 799 2714 etiam
820 2672 904 2716 mors
924 2653 1026 2728 tertia,
1050 2653 1081 2716 in
1101 2673 1163 2734 qua
1180 2660 1310 2736 peccato

94 2839 98 2846 ι
165 2759 326 2835 morimur,
361 2757 418 2822 deo
451 2757 593 2822 uiuimus
627 2757 710 2822 sicut
738 2755 893 2831 Christus,
928 2759 981 2841 qui
1009 2765 1138 2840 peccato
1166 2763 1311 2826 mortuus

166 2869 227 2941 esl;
254 2865 351 2946 quod
372 2866 453 2930 enim
474 2869 644 2930 mortuus
665 2869 723 2930 est
742 2873 896 2947 peccato
917 2871 1086 2931 mortuus
1108 2871 1166 2932 est
1184 2869 1310 2942 semel,

165 2973 263 3054 quod
287 2976 411 3036 autem
435 2973 536 3036 uiuit
560 2972 660 3036 uiuit
685 2972 759 3036 deo.

254 3233 334 3288 crs.
354 3235 448 3300 44,11
505 3233 661 3298 oroma,
682 3236 714 3288 18
735 3236 815 3288 erar
883 3235 1142 3305 orobaasqq.
1199 3236 1232 3288 14
1251 3237 1310 3289 Act.

166 3323 304 3391 aasqq.
360 3322 394 3374 22
416 3323 492 3376 Rom.
512 3323 537 3388 d,
559 3323 591 3376 10

202 3446 389 3515 2quiaPla
408 3446 534 3512 eros.)X
587 3445 891 3515 repudiaucritAGpX
943 3445 1179 3500 freudilentumP
1233 3449 1311 3516 eligit

166 3535 295 3604 ducar
312 3541 337 3587 et
355 3539 422 3602 (ras.
442 3551 462 3586 ε.
482 3534 501 3602 i)
520 3535 547 3587 P
565 3535 650 3602 elegit
663 3535 692 3587 E
708 3538 733 3600 (e
754 3535 801 3587 all.
822 3551 855 3587 ea
874 3535 953 3600 inn2)
974 3541 1020 3588 cet.
1076 3536 1092 3588 8
1111 3535 1271 3589 adnuntiare
1287 3537 1314 3588 P

165 3629 204 3690 (re
224 3627 294 3692 capr.)
313 3623 340 3676 L
397 3624 429 3676 13
449 3623 506 3691 qui]
528 3625 556 3675 et
574 3625 606 3688 (a,
624 3640 652 3674 u.
673 3625 728 3689 nid)
749 3623 795 3692 qui
814 3624 841 3676 P
920 3623 1026 3676 diuidet
1044 3625 1071 3676 P
1088 3624 1135 3687 (-it
1152 3629 1208 3691 ma)
1228 3625 1311 3678 ABG

203 3714 275 3782 prius
294 3713 359 3765 sunt
377 3711 430 3764 PL
482 3711 514 3764 14
533 3711 647 3764 marinna
666 3714 765 3782 suntp
820 3711 993 3779 dispensandi
1016 3713 1153 3766 Coele-rius
1208 3715 1240 3768 15
1260 3715 1313 3783 ipsi

167 3801 268 3855 aBGX
317 3801 350 3854 16
370 3800 488 3854 uiamA
561 3800 784 3868 perscribtumA
842 3803 872 3852 17
894 3799 1036 3869 quodPL
1109 3806 1312 3870 quoatsnrd

167 3890 250 3960 quod)
271 3891 342 3961 quod
361 3890 415 3945 PL
484 3892 515 3942 19
539 3891 592 3942 nisi
616 3891 750 3958 geminam
775 3891 818 3942 hic
838 3891 891 3953 (hic
910 3907 961 3945 ona
980 3891 1011 3945 F
1012 3891 1077 3958 OV)
1095 3892 1240 3961 intellegas
1261 3893 1311 3956 (iu-

166 3980 328 4048 tellegamus
348 3983 376 4046 n)
399 3981 524 4048 mortem]
549 3980 602 4032 nisi
627 3995 686 4032 curn
711 3979 744 4031 ab
768 3979 923 4032 infidelibus
943 3980 1070 4033 humatur
1093 3981 1215 4045 cadauer,
1237 3983 1312 4034 cuius

165 4069 207 4121 ita
230 4084 275 4121 cor
298 4072 405 4137 (corpus
424 4067 515 4133 Pma)
540 4067 656 4120 animam
682 4066 809 4134 perdidit,
833 4071 864 4120 ut
886 4067 994 4120 illorum
1019 4070 1124 4122 animae
1148 4069 1236 4134 deum,
1255 4076 1312 4124 siue

167 4157 231 4226 quia
256 4157 352 4226 duplex
376 4156 419 4208 bic
442 4155 627 4224 intellegenda
651 4160 693 4208 est
716 4173 786 4209 mors
810 4157 862 4209 PL
952 4174 1032 4210 uuam
1055 4162 1176 4223 naturae,
1201 4159 1313 4212 alteram

166 4245 272 4315 culpae]
292 4261 347 4298 una
365 4244 498 4298 naturalis
517 4245 604 4297 altera
619 4245 712 4313 culpae
726 4245 779 4298 PL
833 4246 867 4298 20
886 4246 968 4298 tertia
985 4263 1056 4298 mors
1075 4247 1102 4299 P
1154 4249 1185 4301 21
1208 4248 1269 4316 deo]
1286 4256 1313 4302 et

168 4335 217 4389 deo
237 4333 289 4387 PL
348 4334 382 4386 22
402 4333 484 4402 enim]
506 4338 596 4386 autern
616 4333 767 4402 PBEpLT
837 4339 972 4386 mortuum
993 4338 1060 4402 (pr.)
1081 4335 1165 4388 FOV
