3112 4936
292 491 431 562 Expositio
451 492 587 562 euangelii
605 492 694 546 Lucae
714 491 737 544 V
756 491 860 548 28-31
880 493 963 562 (1362
982 493 1112 548 Ε-1363
1130 493 1170 559 Ε).
1252 497 1314 560 193

167 687 285 770 spicae,
309 707 368 752 non
392 687 550 752 mediocre
574 688 760 770 mysterium
785 692 844 753 est.
869 708 943 773 ager
966 689 1049 753 enim
1072 693 1121 754 est
1141 689 1242 754 omnis
1262 689 1313 753 hic

166 793 314 870 mundus,
353 794 420 878 agri
457 813 548 878 seges
586 795 617 858 in
651 794 771 859 satione
809 796 938 860 humani
976 796 1099 880 generis
1136 795 1313 860 fecunditas
1335 797 1403 851 1363
1425 797 1447 848 a

166 919 336 965 numerosa
359 903 550 979 sanctorum,
581 901 686 983 spicae
710 900 776 984 agri
800 901 923 966 fructus
948 901 1110 979 ecclesiae,
1139 921 1218 983 quos
1244 920 1314 984 ope-

165 1007 255 1072 ribus
279 1006 487 1071 discutientes
512 1007 579 1071 suis
604 1007 741 1089 apostoli
763 1008 974 1090 pascebantur
996 1011 1102 1074 nostro
1132 1027 1165 1072 se
1195 1009 1313 1072 alentes

44 1113 92 1175 29
133 1113 321 1196 sprofectu.
352 1113 458 1178 stabat
485 1113 583 1196 igitur
610 1113 672 1176 iam
701 1131 793 1197 seges
817 1114 953 1178 fecunda
975 1114 1132 1178 uirtutum
1157 1113 1314 1196 pullulan-

166 1220 255 1284 tibus
280 1219 389 1301 spicis,
418 1219 534 1301 quibus
561 1220 660 1284 nostri
683 1219 808 1285 fructus
832 1220 936 1284 meriti
961 1225 1184 1302 conparantur:
1215 1237 1314 1302 aeque

167 1327 251 1391 enim
279 1329 334 1390 aut
366 1326 466 1390 imbre
497 1328 699 1391 marcescunt
729 1329 786 1390 aut
818 1327 884 1391 sole
916 1331 1075 1392 torrentur
1107 1329 1163 1391 aut
1194 1326 1313 1410 pluuiis

168 1436 336 1497 umescunt
358 1435 414 1496 aut
436 1433 682 1516 tempestatibus
707 1433 869 1498 eliduntur
891 1437 947 1497 aut
970 1452 988 1497 a
1011 1433 1205 1498 messoribus
1232 1433 1314 1496 intra

167 1539 347 1603 horreorum
381 1539 524 1604 felicium
556 1541 757 1622 receptacula
788 1540 1012 1605 reconduntur.
1044 1544 1206 1624 receperat
1238 1544 1353 1622 ergoB

121 1673 148 1712 ro
166 1649 251 1710 terra
271 1647 334 1709 iam
360 1645 410 1709 dei
437 1646 571 1710 uerbum
599 1651 630 1710 et
659 1647 788 1712 caelesti
816 1647 935 1712 semine
964 1651 1052 1712 satus
1082 1646 1199 1711 diuites
1227 1647 1312 1710 fetus

167 1771 242 1836 ager
265 1752 368 1816 almus
392 1751 554 1817 effuderat.
579 1753 741 1818 esuribant
765 1753 914 1837 discipuli
940 1755 1075 1818 salutem
1099 1753 1261 1818 hominum
1281 1757 1313 1816 et

167 1861 330 1937 tamquam
353 1855 505 1921 folliculis
530 1877 695 1939 corporum
719 1859 873 1922 mentium
896 1859 1019 1922 fructus
1048 1857 1087 1922 ad
1110 1857 1184 1922 fidei
1207 1859 1311 1923 lucem

166 1963 335 2045 praeclaris
359 1983 489 2046 operum
514 1982 643 2028 suorum
673 1965 834 2028 miraculis
863 1964 1024 2030 eruebant.
1053 1964 1109 2028 sed
1136 1965 1195 2029 boc
1223 1968 1312 2047 puta-

167 2071 243 2134 bant
265 2070 374 2134 Iudaei
398 2071 529 2136 sabbato
553 2089 612 2135 non
637 2071 741 2149 licere,
767 2069 914 2136 Christus
939 2073 1045 2134 autem
1069 2089 1169 2135 notrae
1194 2071 1312 2155 gratiae

120 2197 148 2237 rs
167 2195 298 2241 munere
321 2177 507 2261 designabat
530 2177 631 2242 otium
655 2178 737 2262 legis
762 2196 842 2260 opus
867 2177 995 2261 gratiae.

35 2290 90 2352 30
211 2283 279 2348 Nec
298 2285 365 2348 sine
384 2284 534 2366 mysterio
554 2284 614 2348 boc
632 2285 671 2348 ab
691 2284 898 2367 euangelista,
919 2282 1093 2348 secundum
1111 2283 1311 2348 Matthaeum

168 2393 201 2456 et
223 2390 366 2454 Marcum
390 2390 522 2454 sabbata
548 2409 625 2472 pure
648 2390 753 2473 posita
775 2394 863 2473 puto,
889 2389 962 2472 quia
986 2390 1118 2454 sabbata
1140 2393 1310 2474 perpetuae
1334 2395 1355 2452 c

167 2497 263 2561 feriae
287 2501 362 2562 sunt
384 2497 623 2574 resurrectionis
648 2501 802 2561 aeternae.
832 2497 884 2561 uel
911 2497 943 2560 in
967 2497 1028 2561 boc
1055 2496 1156 2581 igitur
1183 2497 1310 2561 saeculo

166 2603 287 2670 feriatis
311 2623 347 2668 ac
369 2603 557 2668 uacantibus
581 2603 861 2686 superstitionibus
884 2603 1072 2668 Iudaeomm
1095 2603 1149 2667 uel
1170 2603 1202 2666 in
1227 2603 1311 2667 futu-

119 2731 147 2770 ro
167 2729 237 2774 rum
265 2709 359 2776 ferias
387 2710 449 2793 ipsi
476 2713 629 2793 perpetua
656 2709 871 2775 sollemnitate
899 2710 1093 2774 celebrantes
1123 2728 1202 2792 quae
1230 2709 1312 2773 bona

168 2819 243 2881 sunt
273 2820 373 2882 terrae
412 2817 675 2882 manducabimus
715 2817 803 2881 iuxta
836 2816 921 2898 quod
954 2815 1108 2899 scriptum
1141 2819 1205 2881 est:
1242 2816 1310 2880 illi

30 2940 82 3004 31
166 2921 1309 3000 manducabuntuosueroesurietis.miretameusecnudum

167 3031 271 3094 Lucan
291 3030 578 3113 secundoprimum,
599 3049 659 3095 nou
679 3029 957 3113 primosecundum
977 3029 1145 3094 sabbatum
1165 3029 1244 3092 dixit
1268 3067 1309 3074 —-

258 3223 287 3274 ll
308 3221 388 3291 Uerg.
409 3220 506 3292 Georg.
527 3221 626 3276 11330
718 3222 750 3276 16
770 3221 867 3276 Mattb.
889 3221 930 3284 12,
952 3221 964 3274 1
1077 3221 1108 3274 17
1129 3220 1209 3274 lllarc.
1230 3221 1255 3286 2,
1274 3219 1308 3272 23

166 3311 198 3365 21
218 3309 291 3364 Esai.
312 3313 356 3377 65,
377 3311 409 3365 13

203 3417 347 3470 lestolt.
367 3419 468 3472 om.X
516 3419 671 3487 2segisA
735 3418 764 3470 in
784 3416 849 3470 add.
869 3421 916 3471 m3
934 3419 970 3484 A,
990 3415 1088 3471 om.B
1136 3415 1308 3484 bprofectus

164 3509 187 3574 (s
206 3522 227 3560 a.
246 3522 274 3562 a.
292 3509 349 3579 md)
369 3507 396 3559 A
414 3507 566 3576 profectum
584 3511 621 3576 (m
640 3509 710 3575 exp.)
730 3506 763 3574 P,
784 3511 875 3572 (cras.)
902 3505 926 3558 V
978 3506 1123 3568 6uostras
1142 3503 1162 3572 (i
1180 3520 1201 3560 a.
1222 3506 1263 3568 at)
1283 3505 1309 3556 A

201 3595 374 3664 maritima.
395 3596 403 3648 i
423 3596 472 3652 alt.
492 3599 548 3662 aad)
567 3595 595 3648 P
629 3594 841 3664 9felicia1tlpT
877 3595 909 3649 10
928 3595 982 3648 iam
1002 3597 1074 3648 terra
1087 3593 1140 3647 PL
1194 3593 1309 3646 satosA

165 3685 197 3738 ll
218 3700 294 3738 amus
313 3687 370 3754 (m2
388 3701 526 3746 amoenus,
544 3684 577 3738 in
594 3701 643 3753 ηις.
664 3688 710 3737 m3
729 3683 763 3738 al.
783 3683 880 3750 almus)
896 3685 923 3737 A
996 3681 1134 3737 esuribant
1149 3681 1175 3734 A
1190 3687 1214 3736 ct
1228 3684 1269 3734 rur
1286 3680 1311 3732 Ρ

162 3771 318 3826 esuriebant
332 3772 359 3825 P
375 3775 423 3826 m3
442 3777 488 3826 cet.
542 3773 574 3826 12
594 3789 624 3826 er
643 3774 674 3839 (s.
693 3789 720 3826 a.
740 3775 797 3838 m2)
816 3771 944 3826 folliculis
963 3793 992 3838 rr;
1016 3779 1080 3826 ante
1097 3769 1225 3824 folliculis
1242 3784 1308 3838 epu-

162 3861 231 3914 tiam
250 3860 281 3914 iu
298 3859 325 3912 L
433 3860 519 3914 lucem
538 3863 574 3926 (ru
594 3876 626 3914 ex
644 3864 657 3913 t
675 3863 731 3927 m2)
751 3861 777 3914 A
869 3861 902 3914 13
921 3859 1058 3914 miraculis
1077 3863 1100 3926 (s
1119 3875 1139 3912 s.
1159 3875 1186 3911 a.
1207 3860 1262 3924 m2)
1283 3858 1308 3909 A

199 3949 331 4010 errabant
349 3951 375 4016 (e
393 3963 414 4002 a.
435 3951 460 4016 a)
479 3948 507 4001 P
523 3949 670 4002 seruabant
687 3951 715 4002 A
772 3949 803 4003 17
823 3949 953 4017 sabbatus
972 3965 1055 4020 purae
1075 3948 1101 4001 A
1165 3945 1306 4000 sabbatum

159 4035 321 4106 (secundum
342 4037 406 4092 add.
426 4039 451 4110 p)
471 4055 536 4108 pure
555 4039 674 4108 positum
692 4038 765 4111 Μ
844 4039 908 4108 qnia
926 4039 952 4091 A
973 4038 1167 4106 quoniamcet.
1246 4035 1307 4087 sab-

160 4127 243 4197 batus
267 4127 294 4180 A
316 4125 460 4180 sabbatum
483 4125 555 4197 EpT
678 4131 825 4198 perpetuae
848 4125 1085 4182 AuBEFGaTV
1104 4127 1236 4194 perpetua
1259 4129 1307 4175 cet.

161 4213 196 4269 18
216 4215 272 4284 uel]
291 4213 362 4268 uude
376 4215 403 4269 L
495 4216 527 4268 la
546 4214 636 4269 futuro
656 4233 674 4286 χ
763 4217 798 4269 20
818 4216 1002 4269 sollemnitate
1021 4215 1041 4283 (l
1055 4230 1101 4283 pr.
1119 4231 1141 4268 s.
1160 4230 1187 4269 a.
1206 4215 1263 4276 m3)
1282 4211 1310 4262 P

199 4303 366 4358 celebrantes
384 4307 412 4372 (n
431 4320 452 4358 s.
471 4307 510 4370 a.)
529 4303 557 4356 P
647 4306 680 4358 21
701 4305 923 4359 manducauirnus
943 4323 960 4355 α
978 4309 1003 4358 et
1021 4303 1134 4372 (bimus
1154 4301 1232 4367 corr.)
1252 4299 1307 4352 AG

158 4393 196 4448 23
215 4393 295 4446 lucan
314 4393 370 4446 AP
386 4393 473 4446 lucam
493 4400 540 4448 cet.
614 4393 727 4448 sabbato
747 4395 774 4448 P

186 4518 281 4560 xxm.
298 4519 376 4561 Ambe.
391 4527 443 4568 pars
458 4515 478 4559 l,
1239 4497 1270 4548 13
