3038 4926
252 407 316 470 508
724 400 919 454 Ambrosii

251 598 372 662 uenerit
391 597 429 662 ad
449 597 587 661 Pilatum
607 601 736 680 propter
753 599 872 662 metum
892 595 1092 660 Iudaeorum.
1113 595 1270 677 quomodo
1289 595 1398 660 iustus

249 705 402 770 latebram
426 703 559 784 periculi
584 703 697 768 timore
717 703 897 787 quaesiuit?
918 721 976 787 ego
997 707 1103 767 antem
1123 705 1201 784 puto
1221 701 1306 784 qnod
1325 701 1398 766 ideo

250 811 373 876 occulte
388 811 525 893 petierit,
541 813 578 874 ut
593 830 706 893 corpus
726 811 906 893 inpetraret,
926 829 986 873 non
1006 813 1044 873 nt
1061 809 1237 891 perieulum
1257 815 1398 873 caueret.

250 921 410 981 ettamen
434 916 510 998 qnid
533 917 649 980 mirum
675 917 701 981 si
726 917 946 981 occultabatur
970 917 1085 992 iustus,
1110 914 1235 998 quando
1255 916 1397 979 occulta-

249 1025 364 1088 bantur
396 1027 428 1088 et
461 1023 597 1104 apostoli
626 1023 783 1087 iustorum
811 1023 978 1106 magistri?
1007 1023 1079 1086 neni
1108 1026 1139 1086 et
1166 1025 1212 1086 tn.
1242 1023 1296 1086 uel
1325 1041 1398 1086 sero
1431 1041 1442 1078 ε

248 1131 301 1194 uel
332 1135 435 1209 nocte,
468 1131 521 1196 uel
549 1149 748 1213 quacumque
776 1129 853 1195 hora
881 1129 1015 1207 ueneris,
1043 1131 1151 1194 Iesum
1182 1129 1327 1194 inuenies
1357 1131 1397 1192 ad
1503 1162 1504 1214 p

249 1237 485 1319 suspiciendum
502 1241 646 1318 paratum
662 1255 719 1300 neo
729 1236 881 1300 minorem
893 1237 994 1300 serius
1005 1235 1206 1300 uenientibus
1216 1235 1397 1299 mercedem

248 1344 440 1418 soluentem
474 1362 546 1408 nam
580 1341 690 1424 etqui
723 1346 810 1406 serta
842 1343 919 1406 hora
950 1343 1040 1406 uenit
1071 1361 1131 1406 non
1164 1345 1214 1406 est
1249 1341 1397 1406 mercede
1461 1345 1479 1396 1¹

248 1449 410 1513 fraudatus
435 1451 466 1512 et
490 1449 543 1531 qui
567 1449 735 1514 undecima
758 1449 986 1531 plenitudinem
1011 1448 1165 1512 mercedis
1185 1447 1317 1530 accepit.
1339 1448 1397 1511 sed

248 1553 343 1617 etiam
367 1553 562 1620 Nicodemns
586 1559 677 1620 nocte
702 1557 800 1619 uenit.
825 1573 883 1619 nor
908 1559 983 1632 erat,
1009 1555 1083 1637 quia
1108 1554 1211 1619 adhuc
1235 1574 1297 1618 non
1327 1560 1396 1618 erat
1418 1577 1442 1613 ιο
1504 1627 1505 1630 ¹

247 1661 446 1726 resurrectio.
480 1661 613 1744 denique
649 1662 818 1726 resurrexit
847 1661 993 1726 Christus
1032 1665 1064 1725 et
1095 1661 1201 1725 iustus
1235 1661 1293 1724 ait:
1322 1681 1396 1726 nox
1504 1703 1505 1734 l

162 1755 223 1818 139
247 1768 489 1848 praecessit,
520 1768 606 1832 dies
635 1768 995 1851 adpropinquauit.
1020 1767 1105 1832 hunc
1129 1767 1243 1850 Ioseph
1268 1767 1394 1831 lustum

156 1873 348 1938 2³‚50anas
383 1874 470 1952 dixit,
503 1875 687 1940 Matthaeus
721 1875 864 1940 diuitem.
899 1879 931 1940 et
960 1874 1071 1940 merito
1105 1875 1196 1939 diues
1229 1874 1290 1938 hoc
1321 1875 1395 1938 loco

248 1979 375 2056 dicitur,
400 1981 454 2045 ubi
480 2001 592 2064 corpus
618 1982 761 2063 suscepit
781 1981 914 2053 Christi;
935 1981 1136 2062 suscipiendo
1156 1981 1239 2046 enim
1259 1981 1394 2046 diuitem

246 2087 383 2152 nesciuit
414 2087 488 2151 fidei
520 2091 750 2171 paupertatem.
784 2087 874 2153 diues
907 2091 958 2152 est
989 2107 1063 2171 ergo
1097 2088 1150 2171 qui
1188 2089 1294 2154 iustus
1333 2093 1393 2152 est.
1417 2091 1477 2148 rat

247 2194 347 2277 igitur
378 2193 510 2259 sindone
542 2195 689 2270 inuoluit,
722 2194 890 2272 israhelita
921 2214 997 2259 uero
1030 2197 1062 2258 et
1098 2193 1241 2260 diuersos
1277 2195 1395 2260 miscet

246 2301 403 2364 uirtutum
428 2301 539 2366 odores
564 2304 596 2366 et
620 2303 705 2365 aloes
729 2301 831 2365 mittit
854 2301 945 2382 qnasi
968 2301 1065 2365 libras
1090 2305 1228 2376 centnm,
1252 2303 1313 2366 hoc
1342 2309 1392 2366 est
1505 2303 1506 2310 ³

244 2407 401 2490 perfectae
429 2406 502 2472 fidei
531 2409 750 2489 quantitatem.
781 2411 813 2471 et
840 2407 1020 2492 liganerunt
1053 2425 1166 2490 corpus
1196 2408 1270 2472 Iesu
1304 2409 1391 2472 iuxta

245 2513 504 2578 consuetudinem
533 2513 723 2596 spiritalium
753 2513 952 2592 Iudaeorum,
981 2533 1041 2578 non
1070 2515 1181 2596 utiquc
1209 2513 1300 2578 nodis
1324 2535 1390 2598 per·

244 2619 346 2698 fidiae,
371 2622 427 2685 sed
450 2619 523 2686 fidei
547 2621 694 2704 ligaturis
719 2625 751 2685 et
769 2625 944 2704 posuemnt
960 2621 993 2685 in
1013 2621 1115 2700 horto,
1135 2622 1186 2686 oni
1209 2623 1391 2704 frequenter
1410 2646 1435 2682 eo

245 2727 380 2791 ecclesia
403 2731 599 2810 conparatur,
625 2747 704 2809 qnae
729 2729 926 2792 diuersorum
950 2729 1065 2793 habeat
1087 2747 1181 2812 poma
1203 2729 1390 2792 meritorum

157 2833 219 2894 140
243 2831 398 2915 floresque
429 2834 595 2898 uirtutum.
634 2853 691 2898 nec
730 2835 830 2898 otiose
869 2835 949 2899 alins
986 2837 1226 2900 monumentum
1269 2853 1388 2899 nouum

154 2959 188 3014 aa,
203 2960 229 3002 aa
245 2938 331 3016 dixit,
356 2939 437 3004 alius
461 2944 701 3005 monumentum
725 2941 850 3023 Ioseph.
876 2960 935 3006 non
959 2943 1097 3006 habebat
1119 2941 1218 3026 igitur
1241 2941 1389 3006 Christus
1454 2950 1463 3002 l

243 3045 403 3108 tumulum
438 3065 541 3111 snum.
576 3047 693 3111 etenim
725 3049 871 3111 tumulus
904 3048 954 3114 liis
987 3051 1115 3131 paratur
1146 3049 1201 3130 qui
1229 3047 1290 3112 snb
1319 3049 1390 3132 lege

244 3153 319 3215 sunt
346 3151 471 3230 mortis;
501 3153 603 3216 uictor
630 3153 741 3217 mortis
770 3153 931 3218 tumulum
961 3173 1055 3218 suum
1083 3173 1144 3218 non
1173 3153 1278 3218 habet.
1309 3173 1390 3235 quae
1410 3179 1434 3217 aa

244 3257 327 3320 enirn
356 3259 523 3323 conmunio
553 3261 677 3324 tumulo
706 3263 738 3323 et
766 3260 845 3323 deo?
875 3260 1009 3342 denique
1034 3259 1245 3324 Ecclesiastes
1276 3261 1322 3325 ait
1351 3261 1389 3324 de

334 3465 425 3518 llolr.
447 3467 487 3534 19,
506 3467 541 3520 38
613 3467 864 3536 eloh.ro,2sq.
933 3467 1224 3536 erratrh,20,5sq.
1293 3469 1389 3524 olon.

242 3555 303 3620 3,2
360 3555 549 3622 11R0m.13,
572 3555 604 3632 12
661 3556 926 3619 lenocinator
989 3558 1020 3610 15
1040 3555 1098 3610 Ioh.
1120 3559 1162 3623 19,
1181 3557 1215 3611 39
1233 3573 1289 3626 sq.;
1312 3559 1334 3618 1.
1354 3559 1389 3611 4?

244 3643 471 3708 1810h.19,40
530 3644 639 3699 201011.
662 3647 701 3708 19,
721 3647 753 3699 41
815 3647 847 3698 21
869 3645 946 3700 Cant.
965 3648 990 3713 4,
1012 3647 1054 3712 12,
1072 3645 1144 3700 Eccl.
1163 3647 1219 3713 2,5
1278 3645 1388 3700 arlon.

244 3733 284 3796 19,
304 3733 336 3786 41
358 3733 457 3786 Matth.
478 3733 521 3795 27,
541 3733 575 3786 60
630 3735 665 3788 24
683 3735 760 3788 Rom.
781 3737 805 3802 7,
825 3735 841 3788 2

277 3857 292 3907 2
312 3857 407 3911 timere
425 3858 454 3911 P
470 3860 496 3926 (o
515 3875 536 3911 e.
557 3863 642 3928 epar.)
661 3857 687 3911 L
768 3859 784 3911 3
805 3860 915 3928 petierit
933 3860 965 3922 (ti
984 3859 1015 3912 in
1032 3865 1101 3926 raa.)
1120 3859 1148 3912 P
1228 3859 1244 3913 6
1263 3861 1387 3916 inuenies

241 3933 297 3998 ihm
325 3965 343 4014 χ
447 3947 462 3999 7
486 3953 551 4014 poet
579 3945 728 4000 mercedem
758 3947 823 4000 add.
851 3949 898 4017 pla
925 3948 1059 4016 largiente
1088 3967 1106 3999 α
1133 3949 1178 4017 pin
1205 3947 1337 4018 largitate
1368 3952 1390 4005 C

241 4033 258 4086 8
277 4033 343 4086 hora
362 4051 412 4088 om.
431 4035 485 4088 PL
567 4035 600 4088 10
619 4051 669 4088 nor
689 4036 759 4088 enim
779 4037 859 4103 (euim
879 4053 900 4090 s.
919 4054 946 4090 a.
966 4041 1022 4103 m3)
1043 4037 1070 4089 P
1141 4037 1170 4090 11
1192 4039 1308 4092 surrexit
1328 4039 1387 4108 Gra

243 4123 275 4173 12
294 4127 354 4189 poet
373 4122 430 4176 dies
450 4123 515 4177 add.
536 4128 625 4178 autem
646 4141 680 4194 αχ
756 4125 788 4180 16
807 4133 872 4180 ante
890 4125 975 4194 igitur
993 4125 1059 4179 aad.
1078 4127 1204 4195 iustnsp¹
1274 4127 1306 4180 17
1328 4129 1388 4182 cP

244 4211 275 4262 19
296 4211 388 4279 utique
407 4229 460 4264 non
480 4233 498 4284 χ
606 4213 637 4266 21
660 4212 744 4266 lrabet
764 4213 805 4284 (ἔγ
919 4216 952 4266 22
973 4215 1040 4268 alios
1064 4219 1095 4284 (a.
1116 4216 1185 4284 apud
1205 4218 1263 4282 m2)
1283 4235 1299 4268 π
1320 4217 1385 4270 alias

241 4299 309 4352 alius
328 4299 357 4351 F
358 4299 412 4354 OV
463 4301 497 4353 25
516 4303 611 4354 mortis
626 4307 690 4370 post
709 4307 773 4354 sunt
790 4319 841 4356 om.
861 4302 940 4356 PBL
