3112 4936
208 453 270 516 146
678 451 874 506 Ambrosii

205 650 337 734 perpeti.
361 653 393 714 et
414 649 485 714 ideo
510 667 680 730 sequamur
703 645 863 713 Christum
888 647 976 712 iuxta
1000 647 1084 729 quod
1107 649 1262 730 scriptum
1286 651 1349 712 est:

205 761 291 840 post
322 755 509 822 dominum
540 755 645 818 deum
677 757 783 818 tuum
812 753 1025 818 ambulabis
1054 757 1091 818 et
1118 754 1192 836 ipsi
1221 755 1350 818 adhae-

205 863 314 927 rebis.
347 863 398 926 oui
427 861 600 926 adhaerebo
632 860 694 924 nisi
724 859 861 939 Christo,
895 861 980 925 sicut
1008 859 1128 924 Paulus
1162 859 1254 925 dixit:
1288 861 1349 943 qui

206 969 384 1032 adhaeret
416 967 564 1032 domino
597 985 696 1031 unus
730 967 892 1049 spiritus
930 969 1008 1030 eat?
1045 966 1133 1032 illius
1166 967 1274 1052 igitur,
1312 967 1351 1032 de
1419 975 1501 1030 1338
1521 980 1543 1030 ,t

206 1074 330 1138 deserto
349 1077 386 1138 ut
404 1074 444 1138 ad
462 1073 642 1157 paradisum
657 1073 757 1137 redire
772 1075 943 1156 possimus,
964 1073 1101 1157 uestigia
1115 1093 1349 1156 persequamur.
1383 1105 1396 1146 ο

141 1177 181 1242 13
206 1181 310 1246 uidete
334 1182 448 1264 quibus
472 1180 638 1245 itineribus
661 1179 857 1244 reducamur.
885 1199 968 1245 nurrc
995 1179 1027 1244 in
1056 1179 1179 1245 deserte
1204 1178 1349 1246 Christus

206 1293 265 1364 est,
286 1288 352 1372 agit
370 1286 539 1364 hominem,
559 1287 698 1363 instruit,
718 1286 877 1364 informat,
894 1289 1026 1364 exercet,
1046 1287 1162 1370 unguit
1176 1287 1245 1351 oleo
1261 1287 1351 1370 spiri·

205 1394 277 1469 tali:
310 1395 365 1458 ubi
389 1393 471 1458 uidit
493 1393 716 1470 robustiorem,
750 1412 805 1476 per
829 1396 898 1458 sata
921 1397 954 1458 et
976 1392 1139 1458 fructuosa
1162 1393 1350 1471 transducit,

206 1499 331 1584 quando
360 1499 572 1582 querebantur
602 1499 711 1563 ludaei
745 1499 829 1580 quod
862 1498 1011 1583 discipuli
1044 1499 1112 1564 eius
1146 1499 1277 1564 sabbato
1312 1500 1351 1564 de

207 1610 314 1690 segete
338 1606 442 1689 spicas
470 1606 691 1670 uellerent-
714 1605 776 1670 iarn
808 1606 891 1670 enim
920 1606 1082 1689 apostolos
1111 1625 1187 1670 suos
1215 1606 1246 1670 in
1276 1625 1350 1691 agro
1371 1637 1396 1675 ιο

207 1714 293 1778 culto
318 1717 350 1777 et
372 1715 535 1778 fructuoso
565 1731 658 1795 opere
689 1714 902 1777 collocauerat
930 1749 973 1758 —
1006 1716 1118 1795 postea
1144 1712 1175 1776 in
1204 1713 1349 1796 paradiso
1421 1720 1445 1774 Β

207 1821 374 1885 constitnit
405 1823 546 1902 tempore
579 1820 752 1903 passionis;
792 1821 837 1884 sic
875 1821 958 1884 enim
992 1819 1103 1884 habes:
1141 1819 1231 1885 haee
1269 1839 1349 1885 cum

207 1927 371 1991 dixisset
403 1928 522 2002 Iesus,
557 1945 638 1991 cum
672 1926 877 2010 discipulis
911 1927 996 1990 suis
1028 1926 1214 1990 transiuit
1245 1929 1348 1990 trans

206 2037 411 2098 torrentem
443 2031 554 2112 oedri,
586 2033 650 2097 ubi
679 2039 758 2098 erat
790 2033 934 2110 hortus,
967 2033 1004 2096 in
1034 2051 1141 2114 quem
1170 2033 1349 2099 introiuit

207 2141 289 2222 ipse
314 2159 394 2205 cum
419 2139 623 2224 discipulis
647 2139 736 2204 suis.
763 2159 837 2224 agro
863 2140 944 2205 enim
968 2139 1102 2204 fecundo
1127 2140 1254 2205 hortum
1279 2159 1349 2206 esse
1369 2170 1395 2212 n

206 2246 360 2330 potiorem
384 2247 478 2312 docet
498 2248 653 2330 propheta
675 2247 707 2310 in
731 2245 871 2312 canticis
895 2247 1088 2311 cantieorum
1118 2245 1241 2311 dicens:
1273 2247 1351 2311 hor·

206 2360 268 2417 tus
302 2353 458 2420 clausus
487 2372 592 2418 soror
620 2373 699 2417 men
728 2373 874 2436 sponsa,
907 2354 1039 2419 hortus
1071 2353 1234 2432 clausus,
1268 2354 1349 2418 iona

167 2467 168 2472 ’
207 2461 398 2544 signatusr
440 2459 666 2524 emissiones
703 2463 790 2524 tuae
832 2460 1042 2542 paradisus.
1086 2461 1142 2524 illa
1180 2463 1230 2526 est
1267 2461 1351 2525 enim

208 2567 328 2630 animae
351 2585 430 2648 pura
453 2570 485 2630 et
507 2566 700 2630 inmaculata
723 2565 899 2650 uirginitas,
925 2587 1004 2650 quae
1028 2568 1115 2632 nullo
1139 2573 1256 2632 terrore
1279 2585 1351 2650 poe·

207 2691 329 2748 narum,
353 2671 448 2736 nullis
469 2692 486 2736 a
504 2671 565 2736 fide
586 2673 759 2737 saecularis
774 2673 951 2756 uoluptatis
966 2673 1144 2752 inlecebris,
1164 2673 1250 2738 nullo
1265 2675 1351 2738 uitae
1370 2703 1397 2743 οο
1419 2692 1443 2750 c

208 2797 312 2842 amore
326 2777 553 2844 transducitur.
578 2779 711 2860 denique
730 2780 850 2844 uirtute
870 2780 989 2845 domini
1004 2779 1163 2844 hominem
1179 2799 1249 2845 esse
1263 2799 1351 2844 reuo-

208 2893 314 2948 catum
338 2903 411 2968 prae
435 2885 548 2949 ceteris
571 2885 623 2950 hio
648 2887 846 2970 euangelista
869 2890 1015 2957 testatur,
1041 2887 1095 2970 qui
1119 2887 1208 2952 solus
1230 2886 1352 2951 inducit

208 2991 371 3054 danninum
394 2991 550 3055 dicentem
574 2993 705 3057 latroni:
736 3011 836 3057 amen
863 2993 944 3058 dieo
969 2993 1050 3072 tibi,
1075 2993 1185 3058 hodie
1209 3011 1350 3058 mecum

142 3096 183 3160 14
208 3099 341 3164 crisin
369 3097 554 3180 paradiso.
587 3099 700 3182 plenus
724 3099 824 3182 igitur
845 3101 936 3165 lesus
968 3100 1081 3183 spiritu
1110 3103 1218 3165 sancto
1247 3100 1353 3184 agitur

206 3207 237 3270 in
262 3205 422 3270 desertum
447 3206 590 3284 consilio,
614 3209 651 3269 ut
675 3205 836 3270 diabolum
854 3211 1042 3289 prouocaret
1060 3245 1103 3253 —-
1122 3226 1191 3271 nam
1213 3207 1274 3272 nisi
1297 3207 1351 3271 ille
1370 3235 1397 3275 ss

207 3315 369 3390 certasset,
383 3331 443 3378 non
458 3311 537 3376 milri
555 3312 617 3376 iste
637 3313 770 3377 uicisset
785 3350 827 3360 -
847 3313 1008 3396 mysterio,
1028 3317 1064 3378 ut
1082 3313 1173 3378 illurn
1192 3313 1293 3378 Adam
1313 3312 1351 3377 de

208 3419 298 3484 exilio
328 3419 485 3496 liberaret,
523 3419 676 3502 camapio,
714 3424 751 3483 ut
783 3421 963 3484 ostenderet
994 3420 1085 3485 nobis
1118 3420 1279 3485 diabolum
1312 3419 1351 3484 ad

298 3611 513 3674 abortiat
568 3608 687 3664 altior.
702 3611 727 3670 6,
744 3609 775 3661 17
827 3609 958 3664 attatth.
976 3612 1103 3680 12,lsq.
1156 3609 1347 3678 1210h.18,1

210 3702 241 3752 lo
263 3699 341 3753 Cant.
359 3701 386 3766 4,
407 3700 438 3752 12
457 3715 498 3768 sq.
552 3699 587 3752 23
606 3699 669 3752 Luc.
689 3699 733 3760 23,
752 3699 787 3752 43

244 3823 259 3874 3
279 3840 321 3874 sos
339 3821 441 3875 Paulus
459 3821 511 3875 PL
583 3822 662 3890 dixit]
683 3823 723 3875 ait
741 3820 809 3893 PpL
881 3823 897 3874 6
917 3826 945 3875 et
964 3821 1056 3876 uidete
1075 3825 1101 3876 A
1120 3825 1158 3890 (et
1177 3825 1233 3889 m2)
1251 3821 1352 3894 PLX1

245 3910 409 3964 deducamur
426 3909 454 3980 (d
471 3927 514 3978 pr.
534 3914 614 3976 erae.)
633 3913 659 3965 A
752 3910 766 3962 7
786 3907 898 3964 instruit
916 3915 939 3978 (a
957 3927 978 3964 c.
997 3913 1036 3978 a.)
1054 3911 1082 3964 P
1170 3912 1268 3981 unguit
1287 3912 1313 3964 A
1332 3911 1351 3979 (i

208 4003 287 4064 su.)
312 3999 620 4068 oBOTungithl
643 3999 886 4068 nugeth2L
910 4005 934 4053 cl
958 3999 1352 4068 (inopeunguetltr-uit

208 4091 290 4154 corr.)
309 4094 355 4141 cet.
465 4087 579 4141 Suidet
597 4087 640 4160 Fp
750 4089 887 4142 inactuosa
906 4092 946 4156 (sa
964 4105 985 4142 s.
1004 4091 1043 4154 u.)
1061 4089 1089 4141 P
1203 4090 1350 4158 9quaere-

208 4176 308 4230 bantur
326 4177 381 4230 ΑΡ
488 4177 520 4230 de
540 4182 633 4246 segete
651 4195 672 4230 a.
692 4193 718 4230 u.
738 4182 785 4230 ra3
803 4178 830 4231 A
939 4178 1026 4246 spicas
1051 4181 1073 4244 (s
1093 4178 1142 4230 alt.
1161 4193 1181 4230 a.
1201 4193 1229 4230 u.
1248 4179 1305 4240 md)
1326 4177 1354 4230 P

211 4268 242 4318 14
262 4265 335 4318 cedri
353 4267 383 4320 Ε
399 4269 444 4332 (en
462 4283 482 4320 a.
503 4267 522 4333 i)
542 4265 639 4320 cedron
658 4267 715 4320 LX
806 4267 838 4320 18
858 4266 1009 4320 emissionis
1030 4265 1102 4334 Ger
1119 4269 1172 4334 (·es
1191 4283 1259 4323 corr.
1282 4263 1350 4332 GV)

248 4355 318 4408 cuim
338 4363 379 4407 est
398 4355 429 4408 X
483 4357 514 4408 19
534 4355 625 4408 anima
643 4357 669 4408 A
724 4357 758 4410 24
778 4355 910 4424 agebatur
928 4355 980 4407 PL
1034 4357 1068 4408 25
1088 4353 1196 4408 deserto
1215 4355 1246 4408 X
