3042 4918
276 435 418 505 Expositio
439 435 573 504 euangelii
592 435 680 488 Lucae
699 435 712 487 I
734 435 837 488 18-20
856 435 937 502 (1272
956 435 1087 490 ,1-1273
1107 437 1149 502 Α).
1237 439 1280 500 23

136 631 214 696 iusti
239 630 415 694 exurentis
438 628 561 706 habitu,
585 647 646 693 non
670 629 776 711 aliquo
800 629 955 694 factorum
980 629 1065 694 exitu
1095 629 1282 704 metiuntur;
1302 643 1327 696 D

136 740 325 820 plerumque
358 736 442 799 euim
475 739 531 800 aut
560 736 643 800 bona
675 754 762 800 mens
795 735 871 800 iacti
903 736 1160 820 reprehensibilis
1199 737 1284 800 exitu

137 844 332 908 deformatur
355 847 410 906 aut
427 842 571 924 improba
590 842 742 926 cogitatio
761 843 838 908 facti
859 843 995 909 alicuius
1015 842 1127 908 decore
1151 843 1284 906 uelatur.

137 951 193 1015 sed
226 951 323 1014 etiam
362 949 445 1030 quod
478 949 557 1012 bene
591 949 714 1022 leceris,
748 949 775 1012 ei
813 950 896 1013 male
933 947 1136 1033 cogitauerit,
1175 949 1284 1014 diuino

105 1057 255 1122 aiudicio
289 1075 351 1120 non
383 1059 491 1137 potest
524 1056 723 1138 conprobari;
759 1056 912 1137 scriptum
951 1058 1001 1120 eat
1038 1056 1137 1120 enim:
1173 1055 1285 1120 iuste

138 1163 243 1244 quod
268 1164 422 1227 iustum
447 1167 510 1226 est
532 1161 806 1244 persequeris.
833 1181 903 1225 nam
923 1162 985 1227 nisi
1005 1167 1090 1226 esset
1109 1165 1145 1226 ut
1163 1161 1285 1226 iustum

137 1271 257 1333 iniuste
276 1269 406 1334 iaceres.
422 1287 595 1350 numquam
616 1268 737 1332 dictum
757 1271 855 1334 esset:
876 1269 987 1332 iusta
1007 1268 1110 1350 quod
1129 1268 1284 1332 iustum

138 1382 200 1441 ast
225 1375 500 1460 persequeris.
527 1379 666 1438 atcerte
690 1393 784 1456 posse
807 1375 928 1438 iustum
953 1375 1071 1439 iniuste
1090 1374 1156 1438 fieri
1177 1374 1286 1439 docuit

137 1503 195 1548 nos
233 1483 303 1564 ipsa
341 1481 483 1545 saluator
520 1481 643 1546 dicens:
682 1501 768 1546 cum
807 1482 959 1546 leceris
1002 1481 1328 1564 elemosynamd

94 1589 223 1654 rouoli
246 1589 345 1652 tuba
369 1607 512 1652 canera
537 1591 629 1652 ante
657 1594 704 1652 te.
730 1591 871 1652 etcum
901 1588 1040 1666 oratis,
1065 1607 1138 1653 non
1163 1587 1284 1651 eritis

138 1695 251 1759 sicut
282 1695 533 1776 hypocritae.
567 1695 685 1758 bonum
715 1699 764 1758 est
796 1693 879 1758 enim
912 1693 1137 1769 misericordia,
1167 1695 1285 1758 bonum

137 1801 324 1878 oscaram,
349 1801 404 1866 sed
427 1805 535 1882 potest
558 1801 675 1866 iniuste
699 1801 778 1877 fieri,
803 1801 831 1864 si
858 1801 1027 1864 iactantiae
1051 1819 1147 1866 causa
1170 1799 1286 1882 aliquis

53 1909 90 1970 19
137 1908 271 1990 pauperi
302 1907 466 1991 largiatur,
494 1911 530 1972 ut
562 1908 710 1972 uideatur
743 1909 780 1972 ab
813 1907 1008 1972 hominibus.
1042 1907 1123 1972 unde
1157 1911 1286 1971 sanctus

138 2014 340 2098 euangelista
361 2023 422 2079 noir
452 2015 555 2080 solum
589 2014 725 2078 iustos
759 2017 830 2077 ante
858 2013 952 2077 deum
982 2018 1014 2078 et
1046 2015 1285 2080 incedentes

93 2143 119 2184 n
138 2121 176 2185 in
201 2121 408 2186 mandatis
433 2121 621 2185 omnibns
646 2126 684 2184 et
708 2120 1097 2184 iustificationibus
1122 2119 1285 2192 domini,

139 2227 195 2291 sed
229 2229 327 2292 etiam
361 2228 448 2290 sine
481 2225 665 2308 querella
697 2226 880 2290 incedentes
908 2227 961 2290 ait.
994 2225 1078 2309 quod
1106 2225 1184 2290 mire
1214 2244 1285 2290 cum

138 2333 322 2417 prophetico
347 2333 492 2416 congruit
515 2333 611 2408 dicto,
636 2351 698 2414 quo
723 2336 851 2396 sanctus
877 2331 1025 2396 Salomon
1049 2333 1079 2395 in
1103 2331 1285 2398 Prouorbiis

137 2459 218 2506 usus
243 2443 294 2504 est
321 2439 445 2504 dicens:
474 2438 646 2522 prouida
673 2439 776 2502 bona
804 2457 960 2520 semper
988 2457 1118 2503 coram
1147 2437 1218 2503 deo
1248 2443 1326 2508 etr

139 2567 271 2612 coram
300 2546 548 2611 hominibus.
576 2545 665 2609 nulla
689 2563 763 2629 ergo
789 2545 928 2627 querella
952 2551 1011 2624 est,
1034 2545 1090 2611 ubi
1114 2552 1146 2610 et
1169 2545 1285 2610 mentis

93 2655 263 2720 inbonitas
289 2652 458 2718 concordat
481 2654 512 2716 et
535 2652 622 2729 facti,
647 2654 679 2717 et
700 2653 890 2736 plerumque
913 2653 1038 2717 iustitia
1062 2653 1168 2718 durior
1186 2652 1286 2717 homi-

1 2755 2 2827 l
50 2763 90 2823 20
138 2781 212 2824 num
246 2759 421 2842 querellam
456 2759 581 2825 excitat.
615 2777 709 2840 quam
742 2779 818 2823 uero
847 2763 1002 2843 congruat
1024 2759 1194 2824 uerborum
1217 2759 1287 2840 ipsa

138 2867 303 2932 distinctio
328 2871 361 2930 et
385 2865 458 2931 ordo
483 2865 654 2930 conueniat
682 2865 851 2948 diligenter
879 2865 1018 2930 aduerte.
1047 2865 1286 2929 incedentes

137 2973 242 3056 inquit
274 2972 311 3036 iu
351 2971 539 3036 omuibus
578 2972 781 3037 mandatis
820 2975 859 3034 et
895 2971 1286 3036 iustificationibus

138 3079 301 3146 domini.
339 3079 426 3162 prius
465 3079 549 3142 enim
586 3078 781 3155 mandatum,
820 3078 960 3141 secunda
998 3082 1049 3142 est
1088 3076 1284 3142 iustificatio.

90 3189 244 3270 scitaque
269 3205 342 3250 cum
370 3185 527 3250 mandatis
556 3185 747 3250 caelestibus
777 3184 974 3261 oboedimus‚
1000 3184 1031 3247 in
1060 3184 1217 3248 mandatis
1241 3183 1284 3246 iu-

136 3293 281 3357 cadimus
306 3291 440 3356 domini:
465 3309 538 3356 cum
558 3290 736 3356 iudicamus
758 3295 790 3355 et
808 3311 947 3374 congrue
966 3291 1161 3364 iudicamus,
1181 3293 1289 3354 tenere
1310 3295 1422 3354 12731

49 3403 87 3464 21
136 3398 256 3464 domini
290 3397 532 3462 iustificationes
565 3396 720 3462 uidemur.
759 3399 851 3480 plena
887 3398 987 3481 igitur
1017 3397 1170 3470 laudatio,
1205 3416 1284 3480 quae

226 3589 345 3642 5Dent
367 3588 410 3655 16,
428 3587 462 3642 20
527 3586 661 3642 arranh,
681 3587 824 3652 cteta
891 3590 920 3642 ll
942 3588 1008 3643 Tob.
1031 3587 1110 3654 128
1165 3587 1198 3642 18
1215 3587 1283 3641 Pro-

136 3679 210 3732 uerb.
231 3677 294 3744 3,4

173 3805 184 3855 l
206 3819 261 3856 non
280 3817 311 3856 ex
323 3801 396 3872 Μ
443 3804 461 3855 4
480 3801 587 3855 etiamsi
609 3807 669 3866 (om.
690 3799 788 3854 dende
806 3799 839 3866 si)
855 3801 886 3854 X
930 3803 947 3856 5
966 3801 1131 3870 conprobare
1147 3801 1166 3866 (i
1182 3817 1203 3856 a.
1219 3799 1243 3870 e)
1258 3801 1286 3854 P

134 3891 466 3960 dnam...persequeris
486 3905 537 3944 om.
557 3891 587 3944 X
641 3894 714 3942 esset
732 3892 756 3958 (t
774 3905 795 3942 a.
814 3896 853 3956 u.)
873 3889 901 3942 P
955 3889 1083 3960 &posset
1101 3889 1129 3942 P
1181 3891 1284 3944 9aeli·

135 3981 269 4034 mosiuam
289 3979 315 4032 P
387 3980 418 4032 11
439 3979 539 4033 bonum
560 3979 622 4048 ult]
641 3977 779 4047 bonaXp
854 3978 885 4031 17
906 3978 1027 4032 solomon
1047 3996 1065 4029 n
1139 3978 1284 4033 radicem

137 4069 230 4124 om.B
298 4068 371 4122 bona
389 4068 436 4139 (na
453 4085 474 4122 o.
494 4067 575 4136 on?
641 4067 674 4120 dd
695 4081 728 4121 ca
746 4055 799 4120 dno
817 4067 851 4135 G,
871 4055 965 4121 dnoL
1013 4069 1045 4122 19
1061 4085 1149 4122 coram
1163 4055 1214 4122 orn.
1232 4067 1285 4122 CX

169 4155 326 4210 hominibus
349 4171 383 4210 ex
405 4157 529 4210 omuibus
549 4175 567 4208 α
674 4157 708 4209 26
732 4159 826 4208 tenere
849 4159 879 4222 (a.
899 4159 946 4210 m2
969 4157 1133 4220 incanescit
1156 4157 1238 4226 crae.)
1261 4157 1284 4210 0

135 4245 263 4315 iaceret
371 4245 405 4298 27
426 4245 506 4314 plana
525 4263 542 4296 π
561 4251 587 4299 et
605 4247 631 4315 (e
649 4261 706 4298 ma
721 4261 766 4313 pr.
786 4247 844 4310 m2)
870 4244 989 4314 Vplane
1008 4244 1062 4298 FL
1082 4247 1152 4316 et(a
1170 4261 1192 4300 a.
1213 4246 1284 4312 e)0

171 4334 295 4390 laudatio
315 4339 357 4389 est
375 4335 403 4388 P
424 4339 466 4388 est
483 4335 515 4404 (a.
534 4351 563 4389 a.
582 4338 639 4401 m2)
659 4334 781 4388 laudatio
803 4334 826 4389 0
