3044 4930
278 449 418 519 Expositio
438 451 575 520 euangelii
594 451 682 505 Lucae
701 451 729 504 11
749 451 854 506 28-30
874 454 954 519 (1290
974 452 1102 507 F-raor
1122 453 1163 520 F).
1250 459 1290 521 57

41 657 90 709 nu
145 645 281 728 denique
314 645 426 727 inpleti
459 649 535 710 sunt
567 646 644 724 dies,
683 651 719 710 ut
750 651 873 730 pareret
905 648 1017 726 Maria,
1055 649 1210 732 inpletum
1244 655 1294 714 est

144 754 284 834 tempus,
308 757 344 815 ut
366 756 490 834 pareret
512 751 664 830 Elisabet
695 751 851 836 inpletum
875 759 925 819 est
948 755 1034 820 uitae
1058 761 1194 838 tempus
1220 776 1292 821 cum

144 859 246 923 sancti
274 857 336 922 uiri
365 877 401 922 en
429 859 487 922 lroc
518 859 603 923 uitae
628 860 785 923 curriculo
815 859 1036 944 demigrarent.
1064 863 1292 945 plenitudinem

30 952 79 1028 '30
143 964 220 1028 iusti
253 965 323 1028 uita
354 965 460 1043 habat,
493 965 601 1030 inanes
635 968 741 1030 autem
775 966 842 1030 dies
871 971 947 1030 sunt
974 969 1140 1050 inpiorum.
1172 971 1337 1052 peperitC

38 1087 53 1135 1,
65 1087 88 1130 aa
114 1089 217 1154 eergo
242 1070 345 1134 filium
369 1071 512 1136 Elisabat
536 1075 568 1135 et
592 1073 894 1156 congratulabantur
917 1074 1025 1138 uicini.
1050 1074 1146 1138 habet
1169 1078 1293 1139 sancto-

142 1197 212 1240 rum
243 1176 341 1240 editio
370 1177 526 1241 laetitiam
555 1177 775 1260 plurimorum,
805 1179 880 1260 quia
904 1197 1057 1244 conrnune
1086 1183 1136 1244 est
1158 1181 1292 1258 bonum3

141 1283 268 1348 iustitia
287 1283 369 1346 enim
390 1283 557 1367 conmunis
575 1287 624 1348 est
643 1285 756 1348 uirtus.
777 1289 810 1348 et
828 1285 898 1349 ideo
918 1286 949 1349 in
974 1289 1045 1351 ortu
1068 1287 1146 1350 iusti
1169 1287 1294 1353 futurae

143 1391 229 1454 uitae
257 1391 382 1474 insigne
410 1391 625 1472 praemittitur
653 1393 685 1455 et
714 1392 816 1474 gratia
848 1395 997 1457 secutura
1029 1393 1160 1458 uirtutis
1193 1395 1294 1458 exsul-

142 1498 263 1562 tatione
292 1497 470 1562 uicinorum
494 1499 724 1583 praefigurante
748 1499 900 1581 signatur.
932 1500 1062 1582 pulchre
1086 1504 1193 1564 autern
1217 1504 1295 1565 tem-

102 1631 126 1670 ιο
145 1624 215 1686 pus,
246 1623 308 1686 quo
338 1604 401 1667 fuit
423 1606 455 1668 in
479 1613 569 1670 utero
594 1605 757 1688 propbeta,
784 1605 982 1680 describitur,
1007 1625 1045 1670 ne
1069 1607 1185 1671 Mariae
1208 1625 1295 1690 praa-

146 1712 249 1776 sentia
294 1715 446 1790 taceatur,
494 1713 550 1778 sed
595 1717 723 1796 tempus
770 1713 882 1777 siletur
921 1715 1081 1793 infantiae,
1132 1733 1168 1778 eo
1211 1715 1338 1797 quedl)

147 1819 327 1902 praesentia
359 1819 480 1884 domini
512 1819 623 1884 matris
657 1821 687 1884 in
721 1823 811 1886 utero
845 1821 1019 1898 roboratur,
1058 1822 1113 1903 qui
1144 1821 1295 1886 infantiae

148 1924 363 2005 inpedimenta
387 1926 535 1990 nesciuit.
561 1930 593 1990 et
617 1925 687 1990 ideo
712 1927 742 1989 in
768 1927 933 2010 euangelio
953 1927 1032 1991 nibil
1051 1947 1199 2009 supereo
1219 1929 1296 2012 legi·

148 2051 221 2096 mus
253 2033 315 2096 nisi
348 2036 451 2096 ortum
485 2033 553 2096 cius
587 2039 619 2096 et
651 2035 825 2110 oraculum,
859 2033 1098 2100 exsultationem
1130 2034 1162 2098 in
1195 2038 1295 2098 utero.

107 2163 132 2204 rs
149 2158 261 2202 uocem
286 2139 317 2202 in
343 2140 477 2204 deserto.
506 2157 607 2219 neque
633 2139 716 2203 enim
740 2139 839 2203 ullam
863 2139 1012 2205 infantiae
1036 2141 1137 2205 sensit
1160 2145 1296 2204 aetatem

151 2245 205 2327 qui
239 2264 335 2326 snpra
368 2251 522 2321 naturam,
556 2265 652 2326 supra
679 2248 815 2309 aetatem
849 2246 881 2308 iu
910 2249 999 2311 utero
1029 2247 1111 2311 situs
1139 2248 1250 2312 matris
1280 2267 1297 2310 a

150 2369 298 2414 mensura
321 2350 478 2432 perfeotae
503 2351 608 2432 coepit
632 2351 745 2414 aetatis
770 2350 977 2433 plenitudinis
1002 2351 1129 2416 Christi.

13 2483 106 2532 roan
193 2457 240 2520 Ilt
271 2456 486 2539 respondit
510 2461 636 2522 mater
661 2457 749 2522 eius
774 2463 812 2521 et
836 2458 956 2522 dixit:
980 2453 1075 2532 non,'
1094 2458 1162 2522 sed
1186 2478 1297 2524 uoca-

147 2565 263 2650 bitur
295 2564 505 2630 lobannes.
541 2567 578 2628 et
609 2563 912 2648 responderunt
944 2565 987 2628 ad
1020 2566 1151 2630 illam:
1186 2575 1342 2631 nemon

104 2696 130 2736 ro
148 2675 211 2734 est
235 2670 277 2734 in
302 2671 550 2753 cognatione
574 2675 642 2736 tua
666 2672 733 2752 qui
758 2674 932 2735 uocatur
954 2673 1026 2736 boe
1046 2673 1212 2738 nomine.
1237 2673 1296 2737 ad-

147 2778 328 2842 nuebant
356 2797 449 2862 ergo
484 2780 591 2860 patri
621 2778 707 2842 eius
733 2799 848 2860 quem
877 2779 1010 2844 uellet
1033 2777 1173 2844 uocari
1202 2800 1296 2846 eum

149 2889 187 2948 et
210 2885 372 2966 accepit
395 2885 643 2968 pugillarem
662 2890 701 2948 et
720 2885 894 2966 scripsit
913 2885 1070 2950 dicens:
1094 2887 1295 2952 Iohannes

149 2995 211 3054 est
245 3009 384 3055 nomen
418 2991 516 3056 eius.
551 2995 590 3056 et
623 2992 759 3056 mirati
793 2997 888 3056 sunt
917 3011 1066 3056 omnes.
1102 2993 1295 3057 continuo

148 3103 280 3162 autam
309 3100 499 3163 resoluta
528 3103 591 3162 est
622 3097 763 3181 lingua
787 3099 875 3162 eius
901 3103 939 3162 et
963 3103 1146 3180 apertum
1170 3103 1231 3164 est
1255 3119 1295 3165 os

104 3205 247 3273 eseias,
279 3208 318 3268 et
346 3206 596 3285 loquebatur
624 3205 870 3270 benedicens
905 3203 1027 3268 deum.
1061 3206 1138 3269 mire
1167 3211 1296 3271 sanctus

48 3319 82 3381 31
147 3311 348 3394 euangelista
385 3311 650 3394 praemittendum
689 3311 815 3394 putauit
857 3312 941 3392 quod
977 3312 1107 3394 plurimi
1144 3313 1295 3376 infantem

146 3418 247 3502 putris
275 3417 401 3482 nomina
430 3418 617 3482 zacchariae
645 3417 868 3500 adpellandum
899 3411 1060 3502 putarunt,
1090 3422 1127 3483 ut
1149 3419 1341 3484 aduertasF

149 3525 242 3590 matri
267 3543 328 3589 non
351 3544 464 3589 nomen
484 3524 621 3589 alicuius
641 3524 846 3608 displicuisse
866 3525 1041 3608 degeneris,
1062 3525 1118 3590 sed
1136 3526 1168 3589 id
1188 3531 1296 3592 sancto

148 3631 288 3695 infusum
319 3631 444 3714 spiritu,
469 3631 554 3713 quod
578 3631 615 3694 ab
641 3631 751 3714 angelo
777 3633 848 3695 ante
875 3631 1061 3696 Zacchariae
1085 3633 1188 3696 fuerat
1209 3653 1295 3714 prae·

241 3805 273 3858 17
297 3805 393 3875 Ephes.
412 3806 438 3872 4,
460 3805 491 3859 13

186 3913 202 3966 3
222 3911 405 3980 demigrarent
419 3910 446 3963 P
462 3915 490 3979 (u
508 3927 530 3964 a.
544 3929 558 3976 e
574 3911 623 3964 att.
639 3914 703 3980 m3)‚
719 3931 735 3963 rr
751 3911 771 3980 (i
784 3928 806 3966 e.
822 3928 835 3965 c
852 3911 913 3978 alt.)
928 3912 1113 3983 demigrarunt
1127 3913 1153 3965 L
1189 3913 1206 3966 8
1221 3929 1296 3983 prae-

149 4002 272 4054 mittitur
298 4000 344 4066 (tti
371 4017 392 4052 e.
416 4002 454 4066 u.)
478 4001 505 4052 P
533 4001 702 4071 promittitur
726 4000 751 4054 L
878 4007 1021 4056 secuturae
1044 4023 1062 4075 χ
1198 4004 1230 4056 15
1250 4019 1295 4055 ne-

150 4107 194 4144 mo
213 4089 272 4143 LX
288 4077 452 4158 (nequeunt
463 4089 494 4157 O)
591 4091 624 4142 22
645 4090 749 4159 accepit
768 4091 820 4160 (pit
837 4107 859 4144 e.
878 4093 917 4156 u.)
936 4091 964 4144 P
1051 4091 1198 4161 pugillares
1217 4091 1297 4145 PEL

151 4179 284 4250 pugillare
303 4182 328 4246 (e
347 4195 381 4232 ex
399 4183 437 4246 es)
456 4179 483 4231 B
586 4183 614 4232 et
632 4183 655 4246 (t
674 4195 707 4232 aa
725 4178 753 4247 d)
771 4179 805 4235 P.
825 4195 876 4234 om.
895 4199 929 4250 γπ
1034 4180 1125 4234 dicens
1144 4197 1195 4234 om.
1216 4181 1299 4234 PLX

152 4269 186 4323 28
205 4285 258 4322 uon
277 4284 329 4322 om.
348 4265 459 4334 BFcV,
478 4284 499 4321 s.
518 4285 546 4323 u.
565 4267 648 4320 ΜΟ
715 4269 749 4321 29
768 4269 868 4321 infusio
888 4269 920 4322 X
935 4273 1018 4337 (eum
1038 4274 1085 4322 ont
1103 4269 1165 4335 FO)
1233 4275 1298 4338 poet

152 4357 249 4427 angelo
267 4373 289 4410 a.
309 4373 336 4408 u.
356 4359 398 4409 ml
417 4355 566 4423 adscripsit
585 4360 604 4409 3
617 4356 678 4424 sere
697 4355 749 4410 litt.
769 4373 845 4411 nunc
864 4373 960 4411 erasos
978 4360 1008 4411 in
1027 4359 1054 4411 P
