3050 4936
213 447 277 510 432
685 439 881 494 Ambrosii

212 636 328 700 lauerit
346 634 490 712 eeclesia,
510 653 570 699 non
590 633 686 698 hebet
703 651 832 697 neeesse
849 632 964 696 iterum
984 633 1097 696 lauare.
1119 653 1194 718 ergo
1208 635 1366 718 mysterio

212 742 418 806 intendebant
441 739 590 823 discipuli
614 759 674 804 non
699 738 750 802 sui
772 737 961 802 munditiam
987 739 1126 820 eorporis
1153 739 1210 804 sed
1237 740 1365 804 animae

212 849 418 930 requirentes.
438 847 498 912 hoe
513 845 783 930 reprehendebant
796 845 916 922 Iudaei,
934 845 989 910 sod
1003 849 1115 930 argute
1129 846 1366 930 redarguuntur·

213 955 386 1031 adomino,
408 953 492 1036 quod
514 954 619 1017 inania
643 954 821 1030 obseruont,
846 953 1010 1034 profutura
1029 953 1214 1034 despiciant.
1239 957 1271 1018 et
1289 954 1364 1019 ideo

212 1061 277 1125 illis
306 1061 398 1125 dioit:
426 1079 485 1124 uos
513 1079 609 1142 quare
638 1059 743 1124 dicitis
772 1059 854 1142 patri
883 1064 938 1124 aut
966 1059 1069 1137 matri,
1098 1079 1177 1142 quos
1200 1062 1249 1124 ler
1273 1079 1363 1142 prae-
1396 1088 1409 1124 ⁵

214 1168 291 1250 cipit
319 1167 477 1231 honorari:
505 1185 639 1231 munus
670 1166 929 1248 quodcumque
958 1169 1079 1232 estex
1106 1185 1161 1230 me
1184 1167 1257 1231 tibi
1281 1187 1363 1250 pro·

214 1275 332 1340 derit?
356 1275 388 1338 id
421 1279 485 1340 est:
518 1293 591 1338 oum
622 1274 703 1356 petit
735 1273 854 1354 aliquid
882 1273 922 1337 ad
954 1277 1120 1356 sumptum
1147 1293 1243 1357 egens
1270 1277 1364 1356 peter·

214 1387 269 1446 eut
296 1384 396 1446 mater
428 1399 446 1444 a
473 1381 549 1456 filio,
583 1381 656 1462 quia
687 1381 792 1462 legem
819 1380 936 1444 timeus
963 1379 1101 1444 Iudaeus
1126 1380 1361 1446 excusationem
1432 1397 1456 1448 D

213 1507 273 1553 non
289 1487 383 1552 dandi
396 1487 539 1569 requirit,
555 1487 657 1552 dicere
673 1488 769 1550 solet:
789 1507 921 1551 munus
942 1484 1013 1576 [est]
1035 1488 1133 1570 quod
1151 1507 1192 1552 ex
1210 1507 1266 1552 me
1286 1487 1361 1552 tibi

214 1596 392 1680 proderit,
421 1600 459 1660 ut
491 1596 626 1660 dicatam
660 1595 717 1660 deo
750 1596 915 1678 pecuniam
948 1599 1038 1678 pater
1073 1595 1242 1678 religiosus
1279 1595 1362 1659 eooi—
1382 1620 1411 1656 ιο

212 1723 287 1786 pere
314 1704 503 1768 reformidet.
535 1703 591 1767 sed
618 1704 695 1767 haee
718 1702 847 1766 traditio
871 1701 1034 1766 hominum
1064 1702 1282 1767 exeusationes
1307 1702 1362 1764 ob-

213 1810 387 1874 texentium
416 1808 568 1873 aueritiae
602 1827 688 1885 suee,
714 1812 854 1874 ceterum
885 1807 936 1872 dei
967 1808 1096 1873 traditio
1125 1811 1183 1884 est,
1209 1810 1245 1872 ut
1271 1808 1362 1890 prius

213 1933 325 1998 pasees
353 1919 509 2000 parentes.
538 1935 610 1979 nem
640 1915 667 1978 si
694 1915 781 1980 iuxta
809 1915 952 1979 diuinum
981 1915 1145 1980 oraculum
1168 1913 1363 1980 contumelia

213 2023 352 2106 parentis
371 2025 472 2087 morte
491 2021 600 2097 luitur,
626 2025 741 2104 quanto
761 2022 866 2106 mngis
886 2021 996 2100 fames,
1016 2041 1096 2102 queo
1115 2025 1215 2088 morto
1234 2021 1365 2105 grauior·

149 2137 189 2200 19
214 2132 276 2194 est!
307 2149 368 2212 quo
397 2129 466 2194 loeo
495 2129 682 2194 insolentem
712 2129 857 2192 dominus
886 2129 1022 2192 infrenat
1043 2129 1236 2194 iactantiam.
1265 2129 1361 2192 multi
1380 2141 1454 2194 reu

213 2237 307 2314 enim,
332 2239 369 2299 ut
391 2235 610 2317 praedicentur
633 2235 671 2299 ab
696 2235 887 2313 hominibus,
916 2235 1068 2300 eeclesiae
1093 2235 1257 2300 conferunt
1279 2253 1361 2316 quae

194 2343 281 2406 ⁴suis
311 2342 466 2414 auferunt,
496 2361 568 2404 oum
598 2339 852 2404 misericordiae
880 2339 1055 2405 domestico
1079 2339 1224 2424 progredi
1247 2339 1363 2404 debeat

213 2449 341 2531 pietatis
370 2448 483 2512 officio.
517 2447 555 2510 da
584 2464 657 2530 ergo
685 2447 772 2530 prius
800 2448 932 2530 parenti,
962 2448 1001 2511 da
1029 2447 1124 2512 etiam
1152 2447 1292 2530 pauperi,
1322 2447 1361 2510 dn

213 2555 261 2618 illi
284 2555 466 2637 presbytero
489 2553 574 2635 quod
593 2553 652 2617 tibi
671 2553 811 2617 abundat
828 2559 999 2630 terrenum,
1022 2557 1060 2618 ut
1083 2553 1120 2617 ab
1144 2554 1199 2618 iilo
1225 2553 1362 2636 eooipias

214 2661 356 2744 spiritale
380 2660 463 2744 quod
482 2660 541 2724 tibi
562 2660 664 2732 deest;
691 2661 806 2724 etenim
826 2660 880 2742 qui
899 2661 1032 2726 honorat
1051 2661 1263 2726 honorabitur.
1286 2659 1362 2724 uide
1381 2683 1409 2724 an

215 2787 289 2850 ergo
314 2769 388 2849 quia
410 2767 464 2831 ilie
493 2785 565 2830 oum
594 2767 710 2849 accipit
738 2767 835 2830 tradit
863 2772 895 2831 et
922 2768 1039 2851 ancipit
1061 2787 1120 2832 non
1147 2767 1238 2850 quasi
1262 2769 1363 2850 inope,

215 2873 270 2937 sed
285 2875 375 2956 quasi
391 2877 648 2938 remuneraturus
664 2873 781 2938 maiore
796 2892 952 2938 mensura.
973 2874 1012 2937 de
1026 2875 1156 2956 pauperi
1170 2875 1201 2937 in
1220 2873 1361 2956 requiem
1433 2888 1456 2940 F

215 2979 294 3056 eius,
320 2983 357 3042 ut
380 2981 412 3042 et
436 2983 470 3043 tu
495 2979 719 3044 conmunioans
744 2979 781 3043 de
805 2984 860 3044 tuo
884 2980 970 3062 inopi
988 2981 1130 3062 requiem
1150 2979 1363 3062 consequaris.

216 3085 271 3148 sed
300 3089 337 3149 ut
364 3085 539 3167 pesoendos
568 3084 726 3168 scriptura
754 3085 831 3150 dioit
857 3091 1002 3169 parentes
1031 3087 1076 3150 ita
1107 3090 1234 3169 propter
1267 3087 1361 3150 deum

214 3191 435 3273 relinquendos
466 3194 621 3273 parentes,
656 3192 683 3255 si
707 3191 869 3274 inpediant
892 3192 1024 3257 deuotae
1049 3193 1164 3256 mentis
1188 3193 1361 3256 adfectum.
1380 3217 1408 3258 rs

303 3347 319 3400 4
339 3345 435 3399 maten.
457 3347 499 3410 15,
517 3348 534 3400 4
554 3363 593 3415 sq.
613 3346 696 3400 Exod.
716 3347 759 3410 20,
781 3348 813 3400 12
886 3350 902 3402 9
923 3347 956 3405 cf.
976 3347 1057 3402 Maro.
1078 3349 1102 3416 7,
1124 3349 1154 3402 11
1223 3349 1255 3402 13
1273 3347 1358 3402 Erod.

214 3437 305 3500 21,17
361 3435 395 3489 24
409 3435 472 3488 Luc.
491 3437 532 3503 14,
548 3437 594 3498 26;
616 3437 650 3491 oi.
669 3435 749 3490 Maro.
770 3437 794 3499 7,
816 3437 846 3491 11

251 3546 264 3598 l
284 3545 370 3598 leuari
389 3545 416 3596 P
434 3549 462 3608 (u
481 3560 549 3600 corr.
569 3561 582 3598 e
600 3543 629 3611 b)
647 3543 673 3596 L
723 3546 739 3597 2
758 3561 813 3598 nou
832 3561 897 3598 suae
915 3543 1076 3598 munditiam
1096 3545 1210 3608 animae,
1228 3561 1281 3597 non
1301 3561 1361 3598 cor·

214 3633 287 3703 poris
305 3633 418 3686 PBLX
434 3636 498 3700 (non
512 3649 557 3700 pr.
577 3648 635 3701 exp.
655 3637 683 3700 π)
774 3633 790 3686 3
809 3633 1051 3702 repraesentabant
1069 3635 1100 3686 X
1205 3635 1315 3702 argmte
1334 3633 1361 3684 P

215 3724 320 3792 arguite
340 3721 384 3775 aL
407 3725 538 3790 erguqnto
560 3720 585 3775 G
609 3725 698 3775 astute
717 3721 749 3774 X
859 3723 876 3775 5
900 3721 971 3792 quod
990 3723 1021 3774 X
1044 3729 1122 3790 (corr.
1147 3739 1213 3792 quos
1235 3721 1315 3786 OVn)
1334 3721 1361 3774 L

249 3811 389 3880 praecepit
405 3809 478 3880 BLp
550 3811 628 3864 best
646 3826 696 3863 om.
715 3811 796 3864 PBL
863 3813 1010 3882 'Ipetatq
1089 3828 1171 3882 egens
1190 3815 1217 3878 (n
1235 3827 1257 3866 o.
1276 3813 1315 3877 u.)
1334 3809 1363 3863 P

249 3901 354 3970 petrem
373 3901 451 3968 pater
469 3899 500 3951 X
562 3899 578 3952 8
598 3916 614 3953 a
632 3915 684 3955 om.
702 3900 734 3952 X
791 3901 807 3954 9
827 3903 869 3954 est
888 3900 960 3970 quod
980 3918 1011 3954 ex
1029 3902 1082 3971 me]
1103 3905 1147 3955 est
1165 3901 1268 3964 delean}
1286 3899 1361 3968 qnod

215 4005 306 4042 eume
326 3987 417 4040 estX
435 3988 507 4057 quod
526 3991 568 4042 est
587 4004 679 4041 exme
698 3989 739 4042 ed.
758 3987 837 4043 Rern.
913 3990 945 4044 10
965 3991 1026 4059 deo]
1048 3991 1146 4045 atiliis
1165 3989 1215 4044 deo
1234 3991 1361 4056 (satra

214 4091 241 4131 u.
260 4074 442 4141 11121Ρ111111
462 4075 511 4130 deo
530 4076 557 4129 L
621 4078 652 4130 ll
673 4075 801 4131 formidet
820 4095 837 4128 α
855 4081 893 4148 (re
913 4081 994 4147 eros.)
1015 4079 1068 4133 CX
1135 4079 1167 4132 13
1187 4078 1210 4131 si
1228 4093 1280 4131 om.
1302 4075 1361 4140 GL,

214 4165 358 4218 inrtaom.
379 4181 396 4214 α
487 4165 752 4232 1411011111Ρ1111
772 4183 830 4236 sep.
850 4171 906 4236 m2)
925 4168 952 4222 L
1035 4169 1175 4239 1111111οχ
1260 4166 1360 4235 morte]

214 4252 300 4306 multo
321 4251 478 4308 Gratianus
534 4256 566 4309 15
584 4253 674 4308 frenat
692 4255 750 4309 ET
810 4257 842 4310 16
861 4256 996 4310 hominum
1016 4257 1044 4309 P
1062 4257 1133 4324 (ibus
1151 4273 1173 4310 s.
1192 4273 1237 4322 qun
1256 4259 1314 4322 1113)
1333 4256 1361 4310 L

216 4343 247 4394 17
268 4358 283 4395 a
302 4357 351 4396 om.
372 4342 419 4411 Χχ
474 4343 506 4397 19
525 4343 578 4412 1111]
597 4343 651 4397 11111
671 4347 694 4410 (s
713 4346 794 4412 eros.)
813 4345 841 4398 P
892 4348 926 4400 25
946 4343 1069 4400 adfectus
1087 4347 1140 4400 PL
