3042 4918
265 461 418 525 XXXIIII
729 461 947 514 Praelatio.

265 676 294 738 p.
321 655 361 719 77
387 653 470 736 sqq.)
496 653 615 718 saeculi
638 652 715 718 VIII
739 659 827 735 parte
850 655 1025 738 posteriore
1049 659 1192 719 exaratus
1212 655 1338 736 duas³³)
1363 675 1411 720 ex-

265 761 354 826 hibet
377 760 525 825 homilias
551 778 585 824 er
610 761 769 825 Ambrosii
794 762 1019 825 commentando
1043 761 1074 826 in
1103 761 1208 826 Lucan
1233 765 1411 843 excerptam

264 869 317 934 fol.
333 869 388 932 82³
402 867 421 930 1.
436 867 468 930 Π
483 885 524 931 ss.
540 864 717 948 tet—57³⁴)
733 873 765 932 et
783 867 835 932 fol.
855 867 1057 932 27711111.
1076 869 1159 931 l—3
1172 875 1286 950 (usque
1301 868 1340 931 ad
1356 871 1410 946 42,

265 973 507 1058 ossismorum),
532 975 551 1037 4
576 971 692 1058 (susque
716 973 755 1037 ad
779 975 832 1051 43,
859 975 898 1038 18
921 972 1093 1058 eastimet),
1119 975 1138 1038 5
1162 975 1247 1056 (inde
1271 975 1363 1051 144,
1390 977 1407 1038 7

265 1081 350 1166 erpo)
374 1117 417 1126 —
442 1081 472 1156 9,
499 1081 640 1146 14-29.
665 1080 717 1144 uix
741 1084 847 1144 autem
872 1081 1020 1144 credibile
1049 1085 1108 1158 est,
1137 1085 1253 1163 quanta
1281 1081 1412 1146 licentia

266 1207 342 1252 usus
376 1188 418 1252 sit
449 1188 543 1252 homo
576 1187 641 1265 1111,
674 1189 729 1269 qui
752 1186 913 1251 Ambrosii
946 1188 1061 1252 librum
1094 1188 1126 1252 in
1159 1187 1412 1272 praedicantium

266 1315 359 1359 usum
389 1294 579 1358 deformabit
606 1294 708 1378 magis
737 1313 830 1376 quam
859 1294 1025 1376 excerpsit,
1052 1294 1098 1357 ita
1126 1297 1163 1358 ut
1184 1294 1214 1358 in
1245 1295 1411 1377 scriptoris

265 1402 370 1466 uerbis
399 1400 599 1465 recensendis
627 1401 721 1464 istius
749 1400 822 1464 libri
851 1401 977 1465 omnino
1010 1400 1117 1464 nullus
1147 1401 1190 1466 sit
1213 1420 1302 1466 usus.
1329 1421 1411 1484 quae

266 1508 401 1572 alicuius
440 1507 593 1570 momenti
630 1525 700 1572 esse
737 1507 927 1571 uidebantur
967 1508 1141 1591 scripturae
1178 1505 1262 1590 (nam
1305 1527 1411 1572 meros

266 1614 379 1678 calami
404 1633 521 1678 errores
551 1613 666 1694 quibus
695 1617 798 1678 scatet
821 1613 916 1678 codex
939 1617 1079 1696 repetere
1103 1613 1204 1696 nolui)
1227 1615 1257 1677 in
1284 1615 1412 1698 supple-

267 1723 371 1785 mento
397 1719 607 1784 adnotationis
632 1723 778 1785 enotatae
803 1725 877 1783 sunt
901 1720 982 1803 siglo
1007 1716 1039 1782 Φ
1064 1719 1180 1786 addito.

309 1826 490 1891 Homiliarii
512 1826 612 1890 instar
634 1825 778 1890 habenda
801 1829 852 1890 est
878 1830 1039 1908 praeterea
1066 1826 1219 1908 expositio
1248 1827 1279 1891 in
1303 1827 1409 1892 Lucae

265 1933 466 2017 euangelium
478 1933 516 1996 ad
532 1937 713 1997 catenarum
729 1931 1008 2015 exemplaaBeda
1019 1933 1171 2010 coniecta,
1183 1953 1275 2015 quem
1286 1938 1411 2016 praeter

265 2041 344 2105 alios
368 2039 537 2121 scriptores
561 2038 721 2104 Ambrosii
744 2057 870 2122 quoque
895 2057 986 2119 opere
1015 2038 1195 2121 largissime
1219 2059 1313 2103 usum
1339 2059 1409 2104 esse
1515 2096 1516 2102 ,

266 2149 398 2210 constat.
414 2146 529 2210 etenim
545 2145 663 2210 multoe
678 2147 766 2210 locos
777 2145 816 2210 ad
828 2145 959 2209 uerbum
970 2144 1191 2228 descriptoser
1202 2165 1238 2210 eo
1250 2145 1280 2209 in
1292 2146 1408 2211 librum

266 2273 359 2316 suum
393 2253 567 2328 transtulit,
592 2251 671 2316 alios
700 2251 867 2335 paululum
891 2251 1077 2329 tumulatos,
1101 2252 1180 2316 alios
1205 2252 1340 2334 denique
1363 2253 1410 2316 ita

266 2359 477 2424 conformatos
494 2361 531 2423 ut
545 2378 581 2422 ea
596 2377 675 2441 quae
690 2358 773 2440 apud
787 2357 990 2421 Ambrosium
1005 2357 1154 2441 leguntur
1167 2378 1228 2422 non
1244 2359 1408 2442 scriptoris

267 2467 323 2530 sed
347 2466 415 2530 suis
439 2465 502 2548 fere
527 2465 631 2529 uerbis
655 2483 734 2528 usus
759 2463 891 2527 efferret.
917 2464 1008 2528 cuius
1032 2464 1214 2528 testimonia
1238 2485 1311 2530 cum
1334 2465 1411 2530 olim

267 2573 371 2636 omnia
399 2571 429 2634 in
459 2571 660 2634 adnotatione
689 2570 809 2634 adferre
837 2571 868 2633 irr
893 2570 996 2634 animo
1020 2570 1186 2634 habuisset
1208 2574 1297 2652 pater
1320 2591 1411 2636 meus

265 2678 369 2758 (ouius
389 2677 433 2740 rei
453 2677 627 2760 uestigium
647 2676 858 2759 deprehendes
874 2695 903 2758 p.
920 2678 987 2757 22),
1006 2681 1117 2757 postea
1136 2677 1268 2742 consilio
1287 2685 1412 2742 mutato

266 2784 452 2866 praefationi
475 2783 666 2856 reseruauit;
693 2802 750 2867 ego
780 2784 810 2846 in
839 2783 1051 2848 adnotationis
1080 2783 1335 2865 supplementum
1365 2803 1411 2848 re-

265 2892 381 2976 legaui,
405 2891 591 2974 paginarum
616 2891 756 2956 numeris
782 2891 889 2974 quiin
918 2891 1038 2974 Mignei
1067 2891 1260 2973 patrologiae
1294 2891 1412 2955 latinae

267 2999 330 3062 nol.
359 2997 447 3062 XCII
471 2998 622 3080 leguntur
645 2997 772 3061 additis,
807 2997 980 3079 scripturae
1005 2997 1245 3079 discrepantiam
1277 3017 1336 3061 non
1367 2997 1413 3060 in-

265 3109 385 3188 tegram
412 3104 510 3167 adieci
537 3104 590 3167 sed
616 3104 772 3168 delectum
793 3103 1023 3181 tantummodo,
1044 3103 1125 3166 unde
1145 3103 1263 3166 Bedam
1284 3122 1412 3186 quoque

266 3231 284 3274 a
302 3210 392 3274 libris
413 3208 505 3272 PBL
524 3211 667 3274 recedere
688 3211 816 3292 agnosci
835 3213 942 3291 potest
959 3209 1012 3292 (ot.
1032 3209 1174 3290 inprimis
1198 3211 1273 3284 483,
1297 3211 1337 3272 13
1357 3209 1411 3273 ubi

260 3318 427 3396 proximus
445 3321 596 3396 oropnturo
616 3335 687 3379 erim
703 3315 814 3401 αΟΧχ
834 3317 969 3392 exhibet,
991 3335 1049 3379 non
1064 3315 1209 3394 proniore
1230 3319 1411 3397 nepotiane,

266 3423 298 3487 id
323 3424 405 3506 quod
429 3424 579 3504 praebent
605 3422 675 3502 illi).
708 3459 751 3468 -
777 3421 939 3505 Smaragdi
969 3422 1037 3485 siue
1067 3424 1295 3504 cuiuscumque
1328 3422 1412 3486 alius

266 3533 342 3593 sunt
356 3529 559 3594 collectiones
575 3529 605 3592 in
622 3529 774 3612 epistolae
794 3533 826 3592 et
842 3528 1007 3613 euangelia
1022 3528 1151 3612 (Patrol.
1166 3527 1221 3593 lat.
1238 3528 1286 3592 ed.
1303 3528 1412 3612 Migne

311 3735 342 3804 33)
361 3735 445 3789 Immo
469 3741 536 3802 tres;
561 3737 652 3789 nescio
676 3738 746 3790 enim
773 3753 824 3806 quo
849 3753 912 3790 casu
936 3735 1037 3790 sactum
1058 3741 1149 3789 estut
1174 3737 1300 3805 lugerent
1324 3738 1412 3805 patris

267 3825 358 3878 oculos
382 3841 450 3892 quae
474 3825 499 3878 in
525 3825 650 3894 catalogo
675 3842 755 3894 supra
778 3825 896 3878 indicate
920 3824 1411 3894 numero53insignitasunt1nei·

262 3914 347 3981 pa'unt
364 3929 499 3968 sermones
519 3913 551 3966 de
564 3913 764 3982 paceficatr'oroc
776 3921 890 3967 sanctae
904 3914 1016 3967 Mariae
1032 3913 1101 3967 Ecce
1115 3913 1194 3967 horreo
1208 3919 1298 3966 exalat
1311 3930 1333 3966 o.
1349 3930 1375 3982 q.
1390 3931 1412 3967 s.

267 4003 333 4054 Non
350 4003 438 4054 solum
459 4002 493 4054 ab
514 4003 618 4070 dapalis
637 4019 659 4057 e.
683 4019 707 4070 q.
728 4019 748 4054 e.
768 4019 798 4055 ex
818 4001 953 4054 Ambrosii
974 4019 1068 4056 comm.
1089 4001 1124 4068 11,
1144 4003 1178 4055 58
1197 4019 1255 4070 sqq.
1276 4008 1411 4071 excerpta.

311 4091 343 4156 ³⁴)
363 4089 480 4143 Eaedem
499 4092 634 4144 sectiones
653 4090 691 4158 (II
711 4092 826 4157 55-57)
845 4091 872 4143 in
891 4091 1073 4143 homiliarium
1097 4095 1221 4160 receptae
1246 4097 1318 4156 sunt,
1339 4089 1414 4158 quod

266 4180 367 4248 legitur
390 4179 417 4231 in
442 4179 533 4232 codiee
558 4179 763 4232 Pistoriensi
790 4181 839 4232 116
859 4197 880 4232 s.
900 4180 923 4232 X
944 4179 987 4246 (?).
1008 4195 1022 4232 e
1045 4180 1194 4248 scripturis,
1213 4195 1281 4248 quae
1300 4179 1327 4231 in
1347 4195 1414 4248 eup-

267 4268 401 4337 plenrento
422 4267 607 4321 adnotationis
627 4268 735 4322 adlatae
755 4271 826 4335 sunt,
841 4285 986 4337 cognesces
1001 4285 1054 4321 non
1069 4269 1183 4321 multmn
1198 4267 1298 4320 distare
1312 4267 1412 4320 librunr

266 4355 458 4408 Pistoriensem
478 4355 511 4408 ab
530 4355 662 4425 Eginonis
682 4357 810 4426 exemplo.
