3108 4932
244 397 309 460 240
719 392 914 446 Ambrosii

176 579 217 640 21
287 589 406 654 Beatus
431 589 484 673 qui
514 591 619 672 polest
652 593 684 652 at
716 589 784 653 oleo
819 608 935 674 ungere
967 586 1064 670 pedes
1093 585 1221 652 Christi.
1256 587 1391 670 denique

166 705 228 760 aas
243 695 346 760 adhue
374 695 482 761 Simon
512 714 573 760 non
601 698 744 772 iunxeratr
774 693 828 760 aed
852 695 973 760 beatior
996 713 1075 777 quae
1099 694 1192 778 ungit
1214 697 1390 779 unguento;

243 802 417 866 multorum
442 802 523 866 enim
543 801 655 866 florum
674 802 706 865 in
726 821 825 866 unum
845 801 979 866 collecta
998 801 1099 884 gratia
1117 801 1240 884 spargit
1259 801 1390 868 odorum
1457 805 1479 858 F

242 909 346 972 uarias
370 908 554 973 suauitates.
579 911 611 972 et
629 908 764 972 fortasse
782 907 871 972 istud
889 910 1088 991 unguentum
1107 925 1167 971 uon
1186 908 1290 989 possit
1309 908 1390 972 alius

244 1015 303 1079 nisi
332 1015 467 1080 ecelesia
495 1015 563 1079 sola
590 1015 720 1092 deferre,
754 1033 834 1098 quae
862 1013 981 1080 diuersi
1009 1013 1189 1098 spiraminis
1216 1014 1392 1080 innumera·
1424 1035 1438 1075 a

243 1121 322 1185 biles
342 1121 437 1185 habet
455 1121 558 1198 flores,
579 1139 658 1203 quaa
677 1121 789 1186 merito
810 1120 948 1204 speciem
968 1119 1084 1203 aooipit
1101 1121 1298 1202 peccatricis,
1318 1121 1392 1204 qnia

177 1227 218 1290 22
245 1227 389 1292 Christus
424 1247 550 1310 quoque
582 1227 715 1292 formam
747 1227 922 1311 peccatoris
955 1227 1087 1310 accepit.
1125 1229 1156 1292 et
1192 1225 1262 1292 ideo
1299 1247 1390 1294 namo

166 1353 228 1409 1,11
243 1337 349 1417 potest
371 1337 494 1399 tantum
519 1334 650 1418 diligere
674 1337 828 1417 quantum
856 1333 913 1398 illa
939 1352 1020 1416 quae
1043 1333 1074 1398 in
1102 1333 1250 1416 pluribus
1275 1333 1390 1419 diligit.

243 1459 299 1504 nae
323 1440 437 1504 Petrus
461 1440 539 1522 ipse,
569 1441 623 1522 qui
652 1440 746 1505 dixit:
776 1439 931 1517 domine,
962 1443 1001 1503 tu
1026 1440 1127 1504 nosti
1155 1439 1242 1522 quia
1271 1439 1389 1524 diligo

243 1550 289 1622 te,
320 1565 377 1610 nea
400 1546 514 1610 Petrus
537 1547 617 1630 ipse,
647 1547 702 1629 qui
727 1547 829 1611 doluit
853 1546 927 1630 quia
954 1546 1167 1630 iuterrogatus
1197 1549 1262 1611 est:
1290 1566 1389 1612 amas
1410 1569 1437 1608 ιο

242 1656 322 1718 me?
356 1653 440 1734 quod
473 1653 556 1718 enim
589 1653 791 1718 manifestum
826 1656 892 1718 erat
919 1653 1047 1718 nolebat
1075 1652 1165 1734 quasi
1193 1653 1390 1737 incognitum
1459 1669 1526 1722 1352·

244 1759 360 1840 quaeri.
390 1777 464 1842 ergo
493 1778 549 1824 neo
577 1759 691 1824 Petrus
719 1760 798 1842 ipse,
828 1760 901 1842 quia
930 1759 1064 1824 eeclesia
1091 1759 1200 1824 dilexit
1226 1760 1257 1824 in
1285 1759 1390 1837 Patro,

165 1879 227 1930 aar
243 1885 299 1930 neo
322 1865 442 1930 Paulus
473 1867 552 1950 ipse,
582 1866 655 1949 quia
683 1867 802 1932 Paulus
832 1885 957 1950 quoque
986 1866 1053 1930 eius
1082 1870 1131 1930 est
1157 1866 1272 1948 portio.
1297 1870 1328 1931 et
1354 1869 1390 1930 tu

243 1971 414 2055 plurimum
449 1973 556 2056 dilige,
595 1977 631 2038 ut
663 1977 695 2038 et
725 1973 784 2038 tibi
816 1973 995 2037 remittatur
1030 1973 1214 2055 plurimum.
1253 1973 1390 2038 multum

243 2077 387 2158 peccauit
405 2077 536 2156 Paulus,
554 2079 611 2161 =qui
631 2079 726 2144 etiam
745 2081 929 2160 persecutor
947 2079 1018 2156 luit,
1038 2079 1093 2143 sed
1112 2080 1250 2144 multum
1270 2078 1389 2157 dilexit,
1409 2101 1436 2140 rs

244 2184 298 2266 qui
322 2203 422 2267 usque
445 2184 485 2248 ad
508 2185 693 2269 martyrium
717 2185 941 2268 perseuerauit.
966 2185 1098 2249 remissa
1119 2188 1195 2250 snut
1213 2185 1242 2250 ei
1261 2189 1391 2268 paccata

243 2289 352 2368 multa,
377 2291 451 2373 quia
474 2293 506 2354 at
528 2292 597 2374 ipse
621 2293 758 2356 multum
785 2291 903 2369 dilexit,
932 2291 985 2373 qui
1010 2291 1156 2374 sanguini
1184 2291 1309 2375 proprio
1334 2311 1388 2374 pro

176 2399 218 2462 23
243 2396 293 2460 dei
316 2398 441 2462 nomine
464 2417 524 2463 non
544 2399 694 2481 pepercit.
718 2398 792 2463 uide
813 2399 1041 2464 oeconomiam:
1064 2400 1095 2463 in
1116 2398 1209 2464 domo
1228 2399 1388 2464 Pharisaei
1456 2405 1479 2458 Β

165 2529 186 2584 1,
202 2529 227 2571 aa
242 2504 398 2586 paooatrir
427 2504 630 2588 glorificatur,
661 2507 691 2570 in
721 2505 813 2571 domo
842 2507 923 2590 legis
947 2509 979 2570 et
1002 2507 1172 2590 prophetae
1197 2525 1256 2572 non
1281 2505 1389 2572 Phari-

243 2629 347 2688 saaus‚
372 2611 427 2675 sad
451 2612 586 2675 ecelesia
608 2611 813 2687 iustificatum
838 2612 1027 2677 Pharisaeus
1052 2612 1134 2678 enim
1158 2633 1217 2678 non
1243 2611 1387 2688 credidit,
1407 2635 1436 2676 so

165 2732 188 2786 1,
202 2733 228 2776 aa
242 2715 305 2779 ista
319 2715 475 2780 eradebat.
496 2717 630 2798 deniquo
649 2717 702 2782 ille
722 2717 860 2783 dicebat:
880 2717 916 2782 si
936 2721 1039 2783 esset
1056 2719 1249 2801 propbeta,
1271 2719 1390 2784 seirat

242 2821 374 2904 utique
399 2841 491 2904 qnae
516 2827 552 2888 et
576 2825 699 2906 qualis
726 2828 828 2889 esset
856 2825 993 2889 mulier
1022 2845 1114 2906 quae
1144 2825 1266 2908 tangit
1294 2845 1388 2890 eum.

242 2927 355 2992 domus
388 2932 493 2992 autem
526 2929 607 3014 legis
637 2929 763 3009 Iudaea,
795 2951 874 3014 quae
903 2951 962 2996 non
987 2932 1019 2996 in
1042 2931 1201 3014 lapidibus
1231 2932 1390 3008 scribitur,

243 3033 298 3098 sed
326 3035 356 3098 in
386 3035 503 3100 tabulis
532 3036 646 3102 eordis.
679 3039 710 3102 in
743 3037 802 3103 hae
834 3038 1026 3103 iustificetur
1059 3038 1194 3102 eoolesia
1225 3039 1288 3103 iam
1321 3039 1390 3122 lege

241 3141 354 3214 maium
375 3141 424 3206 lex
443 3142 526 3206 enim
545 3147 746 3226 peooatorum
765 3145 867 3208 nescit
886 3145 1114 3222 remissionem,
1135 3145 1184 3210 lex
1202 3145 1390 3228 mysterium
1410 3169 1437 3208 aa
1460 3153 1479 3206 r·

242 3247 427 3325 nonhabet,
453 3269 514 3332 quo
536 3249 661 3315 occulta
679 3251 871 3315 mundantur
894 3257 926 3315 el
944 3253 1014 3316 ideo
1036 3251 1120 3335 quod
1144 3251 1174 3315 in
1194 3251 1390 3336 legeramus

242 3361 291 3418 est
315 3356 606 3419 consummatoria
632 3357 805 3439 euangelio.

166 3487 225 3540 1,1ι
288 3461 367 3526 Duo
410 3461 514 3544 inquit
556 3461 753 3528 debitores
796 3467 902 3528 erant
944 3463 1096 3528 cuidam
1143 3464 1392 3529 faeneratori:

333 3725 425 3779 eloh.
446 3727 488 3794 21,
510 3727 542 3780 15
618 3727 650 3780 10
669 3727 725 3782 Iob.
746 3728 788 3796 21,
811 3728 842 3782 17
918 3726 982 3780 151
1003 3725 1063 3781 Cor.
1085 3729 1125 3793 15,
1146 3726 1170 3789 9,
1191 3726 1202 3779 Ι
1222 3725 1290 3783 Τ1111.
1312 3725 1335 3792 l,
1357 3727 1391 3779 13

245 3816 279 3867 23
300 3813 327 3868 ΙΙ
347 3813 407 3868 Cor.
428 3815 452 3881 3,
472 3815 488 3868 3

279 3938 295 3990 2
317 3937 420 4006 Simon]
441 3938 526 4006 moysi
545 3936 625 3991 PBL
697 3941 740 3990 set
760 3937 818 4005 (sed
839 3941 894 4006 1113)
914 3937 940 3992 P
1014 3939 1094 4007 ungit
1113 3939 1164 4020 aC¹
1174 3937 1250 3992 unxit
1267 3957 1285 4009 χ
1305 3943 1392 4009 unget

244 4025 323 4078 APL
343 4029 446 4094 unguet
464 4025 522 4078 ΒΧ
575 4029 696 4095 ungento
716 4027 743 4080 A
788 4025 924 4096 bacoipit
943 4025 1023 4081 Aoo
1042 4027 1213 4096 aceepitcel.
1260 4029 1392 4096 iperca-

241 4117 317 4168 tores
337 4115 384 4182 (·is
403 4115 459 4181 1113)
478 4115 505 4168 P
543 4114 574 4168 10
595 4113 676 4184 quido
690 4114 693 4184 )
705 4115 795 4170 uoluit
812 4119 856 4184 (uo
876 4121 957 4183 erae.)
971 4115 999 4170 P
1035 4116 1067 4170 12
1088 4116 1258 4186 ecclesiamp(
1277 4117 1395 4170 ecelesia

243 4202 271 4256 dl
291 4203 323 4285 a}
389 4203 421 4256 18
441 4202 520 4256 uideo
539 4203 697 4256 APoBET
713 4209 743 4257 el
756 4203 830 4272 (uide
849 4207 928 4272 corr.)
951 4204 976 4260 G
1045 4206 1077 4258 21
1100 4205 1145 4260 ille
1165 4209 1190 4274 (a
1209 4221 1242 4258 eu
1260 4204 1269 4258 i
1289 4207 1348 4270 m2)
1368 4206 1397 4260 P

240 4293 275 4345 22
297 4293 497 4358 1111111111.)
517 4289 545 4342 P
597 4291 631 4344 24
650 4291 714 4359 iam]
736 4294 812 4358 aA;
830 4292 882 4345 iam
901 4293 932 4345 111
950 4309 1005 4344 roo.
1028 4289 1091 4358 GV,
1110 4307 1131 4345 a.
1151 4308 1179 4348 11,
1199 4311 1216 4343 π
