3112 4936
211 453 276 514 214
686 449 884 504 Ambrosii

211 643 290 708 ficus
318 643 374 708 illa
400 661 460 707 non
490 644 596 725 potest
623 641 783 724 repperiri,
814 660 895 723 quae
923 641 997 723 quia
1023 641 1167 706 fecundis
1199 643 1358 708 fructibus

211 749 324 814 melior
347 753 406 827 est,
431 748 509 814 bene
533 748 655 830 species
679 748 708 812 ei
730 747 971 814 resurrectionis
990 751 1127 832 aptatur,
1146 751 1199 814 uel
1218 751 1301 832 quia,
1321 755 1359 814 ut

210 855 330 939 legisti,
353 855 461 921 licus
485 854 685 920 dederunt
708 874 875 939 grossos
900 873 1006 934 suos,
1025 855 1112 937 quod
1129 857 1306 920 inmaturus
1326 859 1359 920 et

209 962 333 1028 inutilis
354 967 386 1028 et
403 962 542 1028 caducus
561 963 593 1026 in
612 980 773 1045 synagoga
790 961 912 1026 fructus
931 965 1003 1026 ants
1021 963 1204 1044 praecessit,
1217 963 1270 1027 uel
1285 963 1359 1046 quia

210 1071 368 1135 inmatura
389 1069 459 1134 uita
480 1073 588 1134 nostra
611 1072 661 1134 est
682 1069 714 1132 in
744 1087 881 1151 corpore,
910 1071 1034 1132 matura
1060 1069 1092 1132 in
1119 1071 1355 1135 resurrectione.
1390 1095 1403 1136 s
1431 1077 1534 1133 13753

213 1182 245 1242 et
267 1176 337 1242 ideo
361 1177 473 1260 procul
497 1196 515 1240 a
537 1177 627 1241 nobis
651 1176 803 1241 debemus
823 1175 1002 1241 saeculares
1022 1177 1253 1242 sollicitudines
1272 1178 1359 1242 abdi-

213 1303 292 1361 care,
318 1303 397 1366 quae
420 1283 583 1348 mordeant
607 1283 747 1346 animum
771 1287 972 1364 mentemque
996 1281 1138 1360 adurant,
1162 1287 1199 1347 ot
1217 1289 1359 1348 maturos

212 1393 335 1456 fructus
359 1391 501 1454 culturae
525 1389 688 1473 diligentis
712 1388 873 1472 possimus
902 1387 1045 1471 adipisci,
1071 1409 1149 1472 quos
1173 1390 1204 1454 in
1228 1391 1360 1454 incultis

138 1498 308 1566 edistius
332 1495 442 1560 mundi
465 1495 621 1578 repperire
649 1514 709 1559 non
739 1513 924 1576 possumus,
952 1495 1027 1578 quia
1054 1515 1122 1560 non
1151 1498 1287 1580 legunt
1315 1496 1360 1560 de

214 1605 346 1686 spinis
377 1603 484 1666 licus
512 1620 638 1683 neque
668 1601 712 1665 de
745 1601 917 1666 tribulis
950 1601 1201 1667 uindemiant
1234 1623 1358 1668 uuam.
1380 1629 1408 1670 ιο

213 1709 348 1774 alterum
381 1708 420 1772 ad
454 1706 606 1772 mundum
636 1713 669 1774 et
695 1707 967 1785 resurrectionem,
995 1707 1128 1773 alterum
1157 1709 1196 1773 ad
1224 1709 1360 1773 animam

215 1819 248 1881 et
275 1835 390 1898 corpus
416 1814 561 1893 refertur,
591 1815 645 1878 uel
673 1815 746 1897 quia
774 1833 865 1881 nemo
892 1816 1032 1896 peccatis
1059 1815 1200 1880 fructum
1224 1816 1362 1898 adquirit

215 1923 336 1987 animae
366 1939 451 2000 suae,
481 1939 561 2002 quae
589 1921 673 1986 sicut
700 1941 764 1986 uua
790 1921 931 2004 proxima
957 1923 1049 1986 terris
1078 1923 1298 2004 corrumpitur,
1328 1922 1360 1986 in
1429 1931 1454 1985 Β

215 2026 430 2110 superioribus
462 2030 650 2106 maturatur,
683 2027 737 2091 uel
768 2027 843 2109 quia
873 2045 964 2091 nemo
995 2031 1101 2110 potest
1129 2027 1361 2093 damnationem

215 2135 316 2199 carnis
346 2133 478 2198 euadere
506 2133 568 2198 nisi
597 2147 691 2215 quem
721 2132 865 2198 Christus
893 2133 1070 2208 redemerit,
1102 2134 1156 2216 qui
1186 2134 1271 2198 sicut
1297 2153 1362 2199 uua
1381 2161 1407 2201 rs

215 2240 364 2324 pependit
391 2241 422 2304 in
451 2240 548 2324 ligno.
577 2241 688 2322 procul
711 2240 811 2324 igitur
834 2241 872 2304 ab
895 2240 952 2304 illa
975 2259 1078 2317 carne,
1107 2259 1187 2322 quae
1215 2241 1361 2306 damnato

215 2347 335 2413 homini
357 2347 493 2412 tribulos
518 2364 665 2430 generare
689 2350 856 2429 praecepta
879 2349 937 2423 est,
965 2347 1110 2411 tenemus
1139 2349 1248 2413 oculos
1273 2349 1362 2431 spiri·

215 2457 307 2532 tales,
342 2453 510 2518 tendamus
543 2471 667 2530 manus,
704 2455 741 2517 ut
774 2452 935 2518 Christum
968 2454 1161 2518 uindemiare
1192 2455 1362 2536 possimus.

150 2566 191 2630 82
217 2561 357 2626 omnium
372 2564 478 2624 autem
493 2559 735 2623 fundamentum
755 2558 848 2624 docet
866 2577 936 2623 esse
956 2561 1112 2624 uirtutum
1132 2561 1362 2626 oboedientiam

141 2668 401 2750 e,ascaelestium
429 2669 679 2748 praeceptorum,
709 2683 765 2746 per
793 2683 887 2747 quam
919 2665 1032 2730 domus
1061 2667 1138 2731 baso
1166 2669 1274 2731 nostra
1301 2685 1363 2732 non
1382 2677 1453 2734 soc

215 2771 371 2856 profluuio
405 2771 619 2856 uoluptatum,
656 2789 716 2836 non
749 2771 908 2854 nequitiae
941 2771 1093 2854 spiritalis
1125 2773 1264 2851 incursu,
1301 2791 1362 2838 non

216 2881 316 2944 imbre
339 2879 509 2958 mundano,
533 2895 594 2942 non
616 2877 845 2942 haereticorum
871 2878 974 2960 possit
996 2879 1157 2943 nebulosis
1177 2879 1364 2962 disputatio-

216 2985 310 3050 nibus
334 2983 524 3049 conmoueri.
683 2971 687 2979 ’

152 3097 193 3161 83
261 3092 397 3156 Pulchre
421 3094 527 3155 autem
551 3091 606 3154 ubi
629 3093 795 3174 praecepta
818 3089 1002 3172 compleuit,
1026 3091 1159 3156 somnam
1181 3092 1274 3156 docet
1292 3111 1364 3156 suo·

155 3217 286 3271 arnum
319 3201 557 3281 praeceptorum
591 3197 733 3280 ensequi3
763 3215 836 3261 nam
869 3197 978 3262 statim
1011 3197 1139 3281 gentilis
1171 3199 1363 3264 centurionis
1382 3229 1411 3268 ns

308 3424 468 3493 ecanae,
490 3425 522 3480 13
579 3422 754 3488 meanti,
776 3425 809 3477 14
865 3422 1074 3491 totenais
1126 3423 1157 3476 21
1175 3422 1274 3492 Ephes.
1290 3425 1315 3492 6,
1331 3425 1365 3478 12

257 3551 268 3603 1
290 3549 406 3603 inueniri
426 3547 483 3602 ET
532 3549 547 3600 3
566 3547 630 3600 ficos
650 3551 729 3614 (corr.
749 3548 804 3612 ors)
823 3546 850 3599 P
920 3562 1029 3614 grossus
1047 3543 1118 3615 Pap
1138 3550 1191 3610 (·os
1211 3561 1280 3598 corr.
1299 3545 1365 3611 PG)

221 3640 416 3693 imortificant
429 3639 460 3691 X
495 3636 512 3689 8
527 3652 594 3705 quos
613 3635 794 3703 Enpelbrecbt
813 3634 884 3704 quod
904 3634 983 3700 liora·
1002 3633 1073 3702 quod
1092 3635 1119 3687 in
1133 3633 1135 3704 l
1149 3635 1229 3688 cultis
1247 3635 1276 3688 P
1293 3634 1363 3703 qnod

221 3727 330 3780 incultis
349 3725 376 3778 L
395 3725 466 3795 quod
485 3725 514 3778 iu
533 3724 643 3778 incultis
662 3723 692 3777 Ε
708 3723 747 3791 (in
764 3739 807 3790 pr.
826 3739 847 3776 s.
867 3723 913 3789 a),
931 3741 947 3792 γ
966 3723 1005 3788 (in
1026 3723 1074 3777 alt.
1094 3739 1116 3776 s.
1134 3724 1174 3790 a.)
1247 3724 1263 3776 9
1283 3723 1365 3777 eolle-

220 3814 549 3885 gnntFettools.a.)
572 3813 749 3881 Vcollignnt
770 3810 1041 3878 castnedo
1127 3811 1160 3865 10
1179 3810 1243 3865 ticos
1262 3814 1289 3878 (v
1307 3827 1365 3865 ao

220 3907 276 3968 ra3)
294 3904 322 3956 P
374 3901 483 3956 tribulis
503 3905 521 3970 (i
542 3903 591 3956 alt.
611 3918 644 3955 ex
658 3919 673 3954 o
687 3917 740 3968 per
757 3903 825 3968 aas.)
842 3900 870 3952 P
927 3900 1096 3954 uindimeont
1114 3898 1141 3951 P
1158 3899 1323 3952 uindimiant
1336 3901 1369 3953 X

222 3995 255 4047 12
275 3991 401 4060 adquiret
418 3989 446 4044 P
464 3991 605 4059 adquaerit
622 3989 649 4043 L
701 3991 733 4042 14
752 3993 845 4056 potest
864 3991 888 4052 (t
907 3987 955 4040 alt.
974 4004 996 4040 a
1014 3989 1053 4054 a.)
1071 3987 1099 4040 P
1148 3987 1180 4040 15
1201 3987 1264 4056 quia
1281 3987 1367 4041 PEX

221 4087 247 4144 (a
266 4080 317 4134 dcl.
336 4079 450 4148 PEnV)
557 4079 589 4132 18
608 4077 768 4132 uindimiare
786 4077 818 4128 X
834 4081 913 4143 (corr.
932 4076 993 4145 rV)
1102 4076 1135 4129 20
1154 4079 1248 4128 nostra
1266 4091 1317 4130 om.
1336 4077 1368 4128 X

221 4172 253 4224 21
275 4170 303 4222 in
321 4168 454 4238 profluuio
476 4167 499 4220 0
559 4166 594 4219 22
614 4167 640 4219 in
659 4165 744 4219 imbre
764 4166 796 4217 X
847 4165 882 4218 23
902 4167 1054 4218 conmoueri
1074 4181 1124 4218 om.
1145 4165 1172 4217 P
1188 4163 1229 4228 (io
1247 4179 1299 4233 my.
1317 4167 1367 4218 m3

222 4257 349 4328 inpediri)
404 4259 438 4312 24
457 4256 569 4310 docetor
586 4254 714 4324 PBFLp
733 4260 758 4308 et
776 4258 817 4320 (ur
836 4256 916 4320 eros.)
939 4253 992 4306 OV
1009 4253 1150 4307 docebitur
1169 4271 1186 4304 α
1245 4254 1279 4307 25
1299 4269 1376 4324 gerru·¹

222 4349 285 4400 tiles
303 4347 332 4400 P
347 4347 394 4413 (·ir
413 4363 446 4398 ra.
467 4347 528 4412 rec.)
547 4345 573 4397 L
