3050 4936
212 431 276 494 316
688 425 886 480 Ambrosii

211 624 266 704 qui
290 625 350 688 ait:
382 623 504 708 igitur
532 641 599 708 ego
628 623 712 706 ipse
740 626 862 688 mente
892 623 1018 688 seruio
1046 623 1125 708 legi
1150 621 1219 702 dei,
1251 640 1364 687 earne

211 734 336 795 autem
360 730 439 814 legi
461 729 619 813 pennati.
645 732 677 794 et
700 729 877 795 ostenditur
900 729 984 811 quod
1008 730 1036 795 si
1058 732 1196 794 mentem
1221 731 1363 792 tantum·

210 837 304 902 medo
326 837 424 915 dieas,
440 836 627 901 contrariam
647 838 747 902 carnis
768 837 929 914 ostendam
946 855 1018 901 eum
1039 836 1121 901 enim
1142 836 1221 900 dicit
1238 835 1362 900 Paulus

211 943 334 1028 selegi
359 943 408 1008 dei
432 945 537 1008 mente
561 943 690 1022 seruire,
719 943 830 1026 utique
853 947 992 1008 mentem
1018 963 1074 1026 per
1099 961 1132 1008 se
1156 943 1268 1026 ipsam,
1297 943 1361 1008 uisi

211 1069 302 1114 earne
325 1050 482 1131 uincetur,
506 1050 620 1114 bonam
644 1069 715 1115 esse
738 1050 934 1116 demonstrat
956 1053 988 1115 et
1010 1053 1122 1115 nature
1145 1049 1361 1127 increatam,
1395 1068 1410 1106 s

210 1161 248 1220 ut
269 1156 400 1221 resistat
423 1155 529 1221 errori.
559 1156 667 1239 itaque
692 1175 765 1221 curn
788 1157 937 1234 uincitur,
962 1175 1051 1221 mens
1076 1156 1177 1221 earnis
1206 1159 1265 1235 est,
1297 1174 1360 1220 non

210 1281 246 1327 ex
266 1267 377 1327 natura
400 1263 528 1338 habens,
554 1263 610 1327 sed
629 1281 665 1327 er
685 1281 775 1328 earne
795 1263 879 1346 quod
896 1263 1016 1327 labitur
1034 1267 1066 1328 et
1084 1263 1175 1345 quasi
1193 1263 1226 1326 in
1244 1279 1361 1326 nomen

209 1369 498 1452 proprietatemque
517 1367 658 1433 uictricis
678 1369 765 1434 uicta
784 1369 943 1446 sueaedit3
968 1373 1081 1434 natura
1099 1372 1206 1432 autern
1225 1368 1361 1432 aduersa
1435 1373 1457 1430 C

210 1476 311 1539 earnis
335 1479 392 1540 est.
417 1475 551 1557 denique
574 1479 679 1540 mente
699 1476 756 1541 deo
776 1477 944 1554 senuimus,
969 1495 1061 1542 earne
1080 1480 1221 1560 peceato.
1244 1474 1361 1540 melior

210 1585 317 1645 antem
340 1601 429 1647 mens
454 1583 523 1660 erit,
548 1583 576 1647 si
600 1583 781 1665 cooperaria
804 1588 912 1648 saneto
938 1584 1064 1666 spiritui
1086 1582 1272 1666 religiosum
1295 1600 1358 1646 non
1378 1600 1408 1640 ιο

209 1687 401 1753 intermittat
424 1689 573 1754 efficium.

144 1801 183 1865 51
254 1795 339 1860 Istae
364 1799 439 1859 sunt
463 1795 564 1880 igitur
591 1799 755 1880 operantes
782 1797 814 1861 in
843 1816 917 1882 agro
945 1799 1064 1874 nestro,
1097 1815 1231 1878 quarum
1259 1793 1358 1860 altera

210 1900 326 1966 bonurn
356 1903 495 1966 fructum
525 1902 689 1988 diligentia
719 1903 782 1980 dat,
816 1903 914 1968 altera
947 1903 1066 1968 amittit
1096 1901 1228 1978 incuria,
1260 1919 1357 1982 quam

210 2009 397 2093 sanguinem
416 2010 498 2094 legis
518 2011 600 2075 lator
618 2010 758 2092 adpellat
776 2011 897 2076 dieens:
923 2011 1054 2074 anima
1073 2009 1201 2075 omnis
1221 2007 1356 2072 carnis

210 2117 378 2200 sanguis
412 2118 508 2182 eius.
538 2137 599 2200 que
622 2118 765 2201 plerique
787 2117 927 2182 refemnt
950 2117 1045 2182 etiarn
1067 2115 1148 2180 illud
1172 2114 1257 2198 quod
1280 2113 1356 2178 seri-
1376 2133 1405 2172 xe
1425 2121 1450 2172 Ι)

209 2221 1356 2307 ptumesttnonmnnducubisearneminsanguineneuulne-

209 2329 298 2394 ribus
321 2330 443 2394 animae
466 2333 645 2395 cruentatas
669 2330 808 2413 corperis
831 2331 1015 2412 uoluptates
1038 2328 1219 2394 refectionis
1246 2327 1355 2410 potius

208 2435 279 2500 loeo
300 2454 393 2517 quum
412 2439 533 2501 reatum
553 2437 716 2520 sanguinis
735 2437 949 2514 aestimemus,
967 2455 1046 2519 quoa
1066 2434 1288 2520 oportatrefiei
1304 2433 1355 2500 dei

210 2543 315 2606 uerbo.
350 2545 398 2607 est
426 2561 499 2626 erge
525 2543 614 2607 uibus
642 2543 833 2622 reiectionis,
867 2547 916 2608 est
943 2542 1033 2607 tibus
1058 2542 1237 2626 aengannim
1271 2542 1355 2606 sieut

125 2715 128 2726 ,
210 2649 293 2712 eninr
318 2667 387 2713 caro
413 2649 530 2713 domini
553 2667 627 2714 uere
652 2652 700 2714 est
724 2649 824 2730 cibus,
852 2651 898 2714 ita
927 2650 1055 2733 sanguis
1079 2668 1153 2714 uere
1175 2652 1283 2714 nester
1306 2655 1355 2712 est
1373 2675 1401 2715 ao

210 2758 316 2836 potus.
349 2755 462 2818 bonam
486 2773 561 2838 erge
585 2755 623 2819 de
646 2755 764 2822 nostris
789 2757 936 2838 operibus
960 2773 1065 2820 eseam
1089 2755 1215 2819 domine
1240 2773 1355 2838 sugge-

209 2857 326 2936 rimus,
350 2881 388 2924 ne
412 2879 521 2924 rursus
546 2879 618 2925 cunr
642 2863 765 2926 uenerit
788 2865 819 2926 et
838 2861 921 2926 sieut
939 2862 969 2926 in
989 2862 1046 2926 illa
1063 2861 1124 2925 fieu
1143 2879 1274 2942 pomum
1293 2879 1354 2924 nen

208 2969 374 3045 inuenerit,
407 2971 587 3033 nostrorum
620 2969 803 3034 meritorum
836 2967 1063 3034 infecunditate
1091 2969 1216 3032 ieiunus
1243 2985 1354 3050 propo-

210 3075 308 3138 situm
331 3074 460 3156 pietatis
485 3078 609 3140 auertat
631 3074 739 3140 dieens
763 3075 802 3139 ed
825 3075 914 3140 illam
938 3075 1085 3153 unimam,
1114 3093 1209 3157 quam
1236 3073 1353 3139 nudam
1425 3077 1447 3130 Ε

208 3200 376 3264 pomerum
399 3181 570 3264 reppererit
594 3185 626 3245 et
653 3181 804 3266 sanguine
832 3184 1043 3247 cruentatam:
1071 3201 1283 3265 numquam
1311 3200 1354 3245 ex
1372 3205 1400 3245 re

299 3407 507 3476 luentes
570 3409 602 3461 14
620 3408 709 3462 Leuit.
730 3409 772 3476 17,
794 3409 826 3462 14
889 3409 921 3464 16
941 3407 1007 3462 Gen.
1027 3409 1088 3478 9,4
1143 3408 1177 3461 20
1196 3407 1255 3462 Iob.
1274 3409 1299 3472 6,
1318 3408 1353 3461 56

208 3495 242 3548 23
261 3499 290 3549 et
308 3497 342 3550 25
360 3496 458 3550 Matth.
478 3498 522 3561 21,
543 3497 575 3550 19
830 3507 831 3512 ’

245 3620 258 3673 1
280 3637 330 3690 ego
350 3637 400 3674 om.
420 3621 451 3673 X
467 3625 499 3689 (s.
518 3637 545 3676 u.
565 3637 599 3674 m.
619 3637 670 3674 ree.
689 3625 718 3686 π)
734 3626 799 3690 poet
817 3621 902 3690 igitur
921 3627 1025 3688 traaasp.
1044 3620 1070 3672 L
1124 3621 1220 3690 alege
1239 3619 1356 3676 XEGT

208 3709 250 3776 (in
267 3709 312 3762 aaz
332 3725 401 3764 corr.
419 3711 477 3776 m2)
549 3713 654 3763 tanturn
674 3709 706 3762 X
759 3709 923 3764 3carnisP
941 3715 969 3774 (n
987 3725 1008 3762 e.
1027 3725 1055 3762 u.
1073 3712 1128 3772 m2,
1148 3725 1160 3761 s
1180 3716 1250 3778 exp.)
1269 3709 1355 3763 BLX

209 3805 232 3863 (s
252 3815 312 3867 exp.
326 3783 359 3865 at)
376 3817 394 3869 χ
414 3798 487 3852 carni
507 3799 551 3852 αθ
661 3797 728 3852 dicit
747 3813 797 3852 om.
817 3797 844 3850 P
861 3799 904 3866 (iat
921 3814 974 3866 quo
994 3798 1069 3852 dieat
1082 3803 1147 3866 post
1164 3796 1266 3852 Paulus
1284 3815 1306 3851 a.
1324 3815 1351 3850 u.

208 3888 264 3953 1123)
282 3886 309 3940 L
398 3887 609 3940 tet...errori
626 3901 647 3940 s.
666 3905 694 3940 u.
712 3891 759 3940 m3
778 3887 810 3955 P,
829 3903 880 3940 om.
899 3886 926 3939 L
1015 3887 1155 3940 8ultrieie
1173 3887 1235 3953 (nm.
1255 3889 1317 3954 que)
1336 3905 1354 3938 u

209 3977 242 4028 10
262 3975 416 4043 cooperaria
435 3978 461 4042 (0
482 3977 531 4031 alt.
551 3993 572 4030 a.
591 3981 630 4041 u.)
650 3977 677 4028 P
741 3977 773 4029 10
791 3993 844 4028 non
863 3992 914 4029 om.
935 3977 965 4029 X
1028 3975 1059 4028 11
1079 3975 1244 4028 intermittat
1260 3977 1285 4042 (t
1303 3975 1351 4028 tlt.

206 4063 334 4133 e.u.)P
441 4065 473 4117 15
493 4081 545 4133 quo
564 4051 689 4134 1³13an
708 4064 781 4134 qnod
800 4065 873 4118 eOX
894 4064 921 4131 (d
945 4081 1005 4132 exp.
1028 4065 1085 4132 aa)
1109 4081 1175 4134 ques
1198 4063 1228 4117 Ε
1248 4065 1277 4131 (d
1299 4079 1352 4117 ss

206 4155 263 4219 ma)
288 4151 313 4204 r
419 4153 453 4206 au
472 4153 539 4206 irrue
562 4154 627 4208 oe
649 4153 694 4222 (au
713 4169 735 4209 e.
755 4170 781 4206 u.
804 4135 861 4221 ina)
886 4153 913 4207 n
1037 4154 1069 4206 rr
1093 4153 1249 4206 uoluntates
1273 4151 1352 4205 Pet

209 4243 241 4295 18
269 4245 346 4295 reatu
375 4260 408 4310 αχ
517 4244 551 4297 25
578 4243 698 4313 repperit
724 4242 810 4296 FOV
915 4242 1074 4312 sanguinem
1101 4241 1129 4295 P
1154 4245 1190 4310 (m
1219 4243 1299 4309 erae.)
1327 4240 1352 4294 L

242 4333 379 4384 cruentam
399 4330 431 4382 X
