3108 4932
313 424 452 494 Expositio
472 425 608 494 euangelii
626 425 714 480 Lucae
733 425 773 478 VI
791 427 896 480 92-95
916 427 998 495 (1405
1017 426 1147 482 Ε-1406
1167 427 1206 494 E).
1267 431 1332 494 273

186 618 229 681 sit
247 619 401 682 humanae
420 619 613 684 infirmitatis
634 620 897 702 contemplatione
916 621 1077 688 rimamur.
1098 621 1195 686 soiuit
1212 621 1333 686 Paulus

186 724 269 805 quod
293 724 421 788 inistis
445 725 546 808 magis
571 725 796 790 offendiculum
820 727 1014 808 quaestionis
1040 747 1134 810 quam
1163 727 1332 792 aedificati-

186 832 254 895 onis
287 829 447 912 profeotus
481 834 567 895 esset
600 835 631 895 et
666 832 737 897 ideo
775 832 931 896 iudicauit
968 833 1046 896 nihil
1084 853 1118 898 se
1156 835 1235 898 seire
1272 835 1334 899 nisi

186 937 349 1002 Christum
376 939 492 1003 Iesum.
522 938 618 1002 sciuit
643 939 759 1004 Petrus
789 939 873 1021 quod
901 939 932 1002 in
962 939 1027 1004 filio
1052 941 1101 1004 dei
1126 941 1232 1005 omnia
1254 941 1331 1011 sint:

154 1045 308 1109 somnia
332 1045 413 1108 enim
439 1043 544 1108 dedit
567 1047 674 1126 pater
696 1045 792 1110 silio.
818 1045 843 1110 si
870 1046 975 1110 omnia
994 1046 1090 1125 dedit,
1115 1047 1334 1113 aeternitatem

187 1172 280 1234 quam
305 1152 401 1216 habet
425 1153 687 1235 maiestatemque
710 1153 891 1217 transfudit.
921 1153 976 1218 sed
1006 1174 1067 1236 quo
1096 1155 1243 1236 prolabor
1267 1156 1334 1220 lon-

187 1260 282 1343 gius?
307 1259 379 1324 finis
406 1258 480 1323 fidei
504 1279 592 1323 meae
617 1259 762 1324 Christus
787 1263 845 1333 est,
869 1260 940 1324 finis
965 1259 1037 1326 fidei
1061 1280 1150 1324 meae
1174 1261 1225 1324 dei
1247 1255 1333 1326 ¹iilius

187 1371 245 1431 est.
269 1386 329 1432 non
351 1366 429 1430 lioet
452 1366 530 1430 mihi
554 1366 632 1430 scire
658 1367 868 1450 generationis
894 1367 1018 1444 seriem,
1045 1385 1104 1432 nou
1129 1367 1206 1432 lieet
1228 1373 1333 1432 tamen
1357 1371 1378 1428 O

186 1473 307 1537 nescire
330 1473 540 1556 generationis
564 1471 669 1535 fidem.

66 1585 118 1648 94
142 1602 167 1640 ιο
232 1579 328 1644 Crede
356 1579 456 1662 igitur
484 1581 530 1643 siu
558 1578 823 1660 quemadmodum
851 1578 965 1643 Petrus
995 1579 1139 1658 eredidit,
1173 1581 1209 1643 ut
1240 1582 1272 1644 et
1298 1582 1335 1644 tu

187 1686 298 1748 beatus
324 1686 378 1762 sis,
403 1688 441 1748 ut
464 1689 495 1749 et
518 1691 554 1748 tu
578 1684 686 1748 audire
710 1685 873 1748 merearis:
899 1685 1073 1767 quoniam
1098 1705 1167 1750 non
1191 1704 1275 1749 οπο
1300 1689 1335 1750 et

187 1793 344 1876 sanguis
373 1792 444 1855 tibi
471 1792 674 1868 reuelauit,
705 1791 768 1855 sed
796 1795 903 1873 pater
930 1811 1034 1855 meus
1065 1791 1127 1874 qui
1155 1791 1190 1854 in
1215 1791 1334 1856 caelis

188 1903 254 1962 est.
281 1917 351 1964 οπο
376 1899 459 1963 enirn
484 1903 516 1962 et
539 1899 670 1981 sanguis
694 1918 754 1962 non
780 1901 901 1980 queunt
924 1899 985 1962 nisi
1011 1917 1090 1980 quae
1114 1901 1237 1962 terrena
1260 1901 1336 1962 sunt

186 2005 335 2084 rendere,
365 2009 398 2068 at
426 2023 500 2068 uero
531 2006 584 2086 qui
615 2006 728 2087 spiritu
752 2005 895 2086 loquitur
918 2005 1070 2088 mysteria
1093 2024 1153 2069 non
1178 2003 1279 2068 earnis
1305 2007 1336 2067 et

143 2135 168 2176 ra
187 2112 349 2194 sanguinis
364 2111 558 2196 magisterio,
579 2111 634 2174 sed
649 2112 755 2175 diuina
774 2111 979 2195 inspiratione
998 2111 1157 2175 fundatur.
1178 2111 1241 2174 noli
1261 2129 1334 2194 ergo

186 2218 389 2298 adquiescere
414 2219 496 2282 carni
522 2222 554 2282 et
573 2218 730 2302 sanguini,
754 2237 793 2281 ne
813 2218 914 2282 earnis
935 2221 967 2281 et
986 2217 1149 2300 sanguinis
1169 2220 1335 2298 praecepta
1354 2225 1378 2278 1)

186 2325 313 2388 haurias
338 2327 432 2407 atque
455 2325 524 2407 ipae
549 2325 678 2408 sanguis
699 2328 731 2388 et
754 2343 824 2388 οπο
850 2323 916 2388 fias.
942 2323 996 2406 qui
1016 2324 1098 2388 enim
1118 2322 1204 2387 carui
1223 2321 1336 2386 adhae-

187 2437 244 2508 ret,
278 2450 349 2495 οπο
384 2435 432 2495 est
466 2435 501 2495 et
536 2431 599 2514 qui
632 2431 811 2496 adhaeret
844 2431 910 2496 deo
946 2450 1042 2495 unus
1076 2429 1236 2513 spiritus
1267 2433 1334 2493 est.

187 2556 256 2602 non
293 2538 529 2620 permanebit
565 2539 670 2620 inquit
707 2539 869 2621 spiritus
907 2557 1012 2601 meus
1049 2537 1084 2602 iu
1119 2536 1336 2600 hominibus

65 2645 114 2708 95
141 2644 275 2710 ruistis
308 2645 344 2707 in
378 2649 585 2720 aeternum,
623 2647 778 2727 propter
811 2645 908 2728 quod
947 2645 1023 2709 sint
1061 2643 1241 2708 carnales.
1281 2641 1336 2707 sed

188 2751 309 2814 utinam
334 2769 404 2814 οπο
430 2755 462 2814 et
485 2751 614 2835 sanguis
639 2771 699 2814 non
725 2751 789 2815 sint
813 2751 869 2833 qui
891 2751 1033 2827 audiunt,
1059 2750 1114 2814 sed
1138 2769 1156 2812 a
1180 2749 1280 2813 earnis
1305 2751 1337 2812 et

187 2857 351 2942 sanguinis
386 2858 497 2921 remoti
533 2857 761 2938 cupiditatibus
794 2858 919 2940 possint
956 2858 1058 2922 dicere
1096 2856 1229 2940 singuli:
1268 2875 1335 2919 non

185 2963 327 3027 timebo
358 2963 446 3045 quid
475 2964 592 3028 faeiat
621 2964 713 3027 mihi
742 2967 840 3029 carot
876 2963 930 3046 qui
959 2964 1041 3027 enim
1071 2983 1194 3028 carnem
1224 2962 1337 3026 uicerit

186 3070 340 3134 eeclesiae
364 3071 602 3135 fundamentum
627 3076 676 3136 est
700 3075 740 3146 et,
771 3071 799 3136 si
823 3090 956 3152 aequare
979 3071 1110 3134 Petrum
1134 3089 1195 3134 non
1219 3072 1335 3152 potest,

140 3201 167 3244 rs
184 3176 304 3241 imitari
327 3179 447 3258 potest;
477 3197 591 3262 magna
615 3181 689 3242 sunt
712 3178 795 3242 enim
821 3179 869 3242 dei
894 3197 1034 3252 munera,
1064 3177 1116 3258 qui
1147 3196 1207 3240 non
1232 3177 1335 3240 solum
1359 3183 1381 3236 E

186 3283 278 3348 uobis
302 3303 382 3365 quae
406 3285 530 3348 fuerant
558 3289 665 3348 nostru
692 3285 860 3368 reparauit,
890 3304 1001 3347 uerum
1031 3285 1125 3348 etiam
1155 3303 1235 3366 qnae
1263 3285 1337 3346 sunt

276 3595 369 3650 5Ioh.
389 3597 414 3662 3,
434 3596 467 3648 35
549 3595 756 3661 assandas
840 3597 871 3651 11
892 3597 990 3651 Matth.
1013 3598 1054 3658 16,
1076 3597 1108 3648 17
1188 3591 1333 3647 lslcor.

190 3686 268 3753 14,2
327 3683 570 3751 181Cor.6‚17
627 3687 660 3738 19
680 3685 747 3740 Gen.
767 3687 828 3748 6,3
883 3686 1079 3748 masas

224 3883 236 3935 1
258 3867 300 3934 sos
319 3880 415 3950 paulus
436 3881 463 3933 P
478 3867 523 3933 'se-s
542 3880 681 3948 apostolus
700 3881 797 3950 paulus
817 3881 842 3934 L
942 3881 957 3934 3
977 3879 1045 3932 nihii
1064 3895 1092 3931 se
1113 3876 1156 3931 αθ
1174 3893 1201 3930 se
1220 3875 1289 3928 nihii
1311 3875 1333 3929 0

186 3970 240 4024 nisi
260 3969 311 4038 (hil
329 3985 350 4022 e.
371 3969 394 4021 si
413 3972 467 4034 ml),
487 3957 538 4021 om.
559 3973 598 4032 se)
618 3968 654 4031 V,·
673 3985 701 4022 se
721 3987 772 4024 om.
793 3975 839 4022 eet.
895 3971 911 4022 6
930 3967 1060 4020 trasfudu
1073 3967 1101 4020 P
1156 3967 1185 4019 ll
1207 3965 1333 4017 merearis

187 4057 370 4124 (ree.u.)P
436 4057 908 4126 13quaeruntP(resep.m3)L
973 4059 1005 4111 16
1024 4073 1073 4109 nee
1092 4055 1148 4108 PB
1225 4070 1286 4106 earo
1307 4057 1334 4105 et

188 4149 300 4216 sanguis
320 4146 404 4200 PLX
449 4147 481 4199 18
502 4145 552 4198 duo
572 4147 603 4198 X
646 4147 681 4200 20
701 4147 756 4200 sint
775 4147 894 4200 carnales
915 4146 960 4198 οιΒ
979 4148 1042 4199 sunt
1061 4143 1179 4198 carnales
1200 4142 1251 4195 PL
1271 4145 1336 4194 sunt

188 4253 281 4292 earnes
303 4235 341 4307 (Ιχ
362 4253 423 4288 οπο
444 4239 507 4288 sunt
526 4235 556 4287 X
600 4237 632 4288 21
654 4253 670 4288 a
689 4252 739 4290 om.
761 4238 809 4290 αΧ
849 4237 884 4289 24
903 4253 1017 4305 aequare
1038 4235 1084 4299 (·ri
1103 4237 1159 4296 nr2)
1180 4233 1207 4284 P
1225 4230 1335 4299 aequari

191 4327 230 4398 (Ιχ
303 4329 379 4396 petro
402 4323 442 4396 Cp
497 4327 530 4378 25
550 4327 642 4394 potest
661 4341 710 4380 om.
731 4327 761 4380 X
815 4327 849 4380 ‘26
869 4325 980 4378 uerbum
1001 4325 1028 4390 (b
1049 4328 1129 4388 erus.)
1149 4323 1177 4376 P

213 4449 310 4490 xxxia.
325 4451 403 4490 amur.
417 4461 469 4500 pars
484 4450 504 4491 ο,
1267 4427 1299 4478 18
