3112 4936
327 335 467 406 Expositio
487 335 622 405 euangelii
640 336 728 390 Lucae
747 337 770 390 h'
788 337 894 394 42-46
914 338 994 404 (1365
1014 337 1145 394 Ε-1366
1165 339 1205 404 Ε).
1280 343 1342 406 199

199 550 306 597 orasse
336 549 408 596 cum
438 530 592 613 apostolis
620 531 813 613 repperitur:
843 531 961 614 ubique
990 533 1078 598 solus
1107 533 1265 610 obsecrem
1295 531 1346 598 dei

200 638 282 702 enim
306 637 475 703 consilium
497 637 634 701 humana
657 639 733 700 uota
756 657 815 702 non
839 638 978 720 capiunt,
1002 657 1059 704 nee
1079 637 1248 720 qnisquam
1268 639 1346 702 inte·

198 745 317 810 riorum
344 746 451 826 potest
481 763 550 808 esse
577 743 736 826 particeps
765 742 900 810 Christo.
933 745 984 808 uis
1017 745 1097 810 seire
1130 764 1225 827 quarn
1257 745 1346 820 mihi,

80 856 126 918 44
199 871 260 916 ιιοιι
292 850 354 915 sibi
387 851 545 916 orauerit?
578 850 747 916 uocauit
779 851 884 932 inquit
914 851 1146 934 discipulos
1180 870 1276 917 suos
1309 856 1347 916 et

62 975 92 1028 e,
109 976 137 1018 ua
167 957 328 1042 selegit
347 957 554 1022 duodecim
576 977 617 1022 on
636 958 749 1040 ipsis,
775 977 854 1040 quos
878 958 917 1022 ed
936 959 1173 1044 propagandum
1193 959 1345 1024 auxilium
1370 966 1391 1022 c

199 1064 313 1130 salutis
337 1064 491 1128 humanae
515 1083 570 1147 per
592 1068 746 1128 terrarum
775 1065 883 1129 orbem
912 1068 1032 1131 satores
1061 1065 1135 1130 fidei
1163 1065 1344 1130 destinaret.

199 1171 295 1237 simul
318 1171 448 1236 aduerte
473 1171 608 1237 caeleste
637 1172 819 1248 consilium;
844 1191 904 1236 non
934 1173 1092 1255 sapientes
1121 1173 1255 1256 aliquos,
1284 1192 1344 1238 non

200 1278 327 1358 diuites,
354 1297 415 1343 nou
443 1279 576 1356 nobiles,
605 1279 661 1344 sed
687 1278 860 1361 piscatores
885 1281 916 1344 et
944 1279 1129 1363 publicanos
1158 1297 1239 1361 quos
1273 1278 1345 1344 diri·

201 1393 289 1472 geret
313 1386 419 1471 elegit,
443 1403 482 1451 ne
506 1385 682 1451 traduxisse
706 1385 880 1468 prudentia,
904 1407 942 1450 ne
962 1387 1133 1451 redemisse
1153 1385 1286 1464 diuitiis,
1306 1405 1344 1450 ne

155 1513 182 1554 ιο
199 1493 359 1575 potentiae
387 1493 627 1576 nobilitatisque
656 1492 845 1558 auctoritate
873 1494 1006 1558 traxisse
1036 1493 1158 1576 aliquos
1187 1493 1225 1556 ad
1254 1511 1343 1557 suam

200 1601 334 1685 gratiam
356 1601 548 1669 uiderentur.
573 1605 609 1666 ut
632 1599 778 1666 ueritatis
801 1602 891 1678 ratio,
911 1621 971 1665 nou
996 1601 1219 1684 disputationis
1244 1599 1345 1685 gratia

79 1710 130 1773 45
200 1708 405 1790 praeualeret.
430 1707 559 1792 eligitur
582 1710 614 1771 et
637 1707 743 1786 Iudas,
767 1727 828 1772 nou
853 1727 908 1791 per
935 1707 1179 1790 inprudentiam,
1208 1707 1262 1772 sed
1290 1716 1388 1788 perh

63 1839 93 1888 a,
112 1837 139 1879 re
198 1814 439 1896 prouidentiam.
459 1817 576 1897 quanta
591 1817 640 1878 est
651 1815 780 1891 coritae,
801 1833 894 1896 quam
910 1833 967 1878 nec
985 1814 1184 1879 aduersarius
1200 1813 1346 1877 minister

197 1921 349 1986 infirmat!
380 1925 496 2004 quanta
522 1921 684 1986 moralitas
713 1919 841 1998 domini,
871 1920 925 2003 qui
949 1921 1118 2000 periclitari
1142 1920 1243 2006 magis
1268 1921 1345 2002 aput

155 2045 181 2088 n
200 2047 256 2093 nos
283 2028 437 2093 iudicium
466 2048 559 2092 suum
589 2045 683 2110 quem
712 2027 872 2092 adiectum
900 2028 1031 2091 maluit!
1056 2029 1238 2108 susceperat
1260 2025 1343 2090 enim

198 2135 335 2200 hominis
358 2135 564 2219 fragilitatem
589 2139 622 2199 et
644 2135 714 2199 ideo
738 2153 795 2198 nee
819 2134 875 2199 has
899 2137 1004 2215 partos
1027 2134 1189 2198 recusauit
1215 2132 1343 2198 infirmi-

197 2241 274 2306 tatis
298 2242 462 2306 humanae.
487 2241 591 2306 uoluit
615 2241 727 2322 deseri,
752 2241 857 2306 uoluit
880 2241 979 2324 prodi.
1010 2242 1113 2306 uoluit
1136 2241 1174 2304 uh
1199 2240 1342 2322 apostolo

197 2369 257 2414 suo
280 2348 372 2424 tradi,
397 2353 434 2413 ut
455 2351 490 2412 tu
516 2368 533 2412 a
557 2348 643 2413 socio
669 2348 824 2426 desertus,
849 2368 867 2412 a
895 2348 981 2413 socio
1011 2347 1154 2430 proditus
1182 2347 1342 2412 moderate

196 2458 278 2522 ieras
302 2459 393 2520 cuum
418 2473 538 2519 errasse
561 2453 726 2528 iudicium,
750 2454 870 2537 perisse
895 2454 1090 2518 heneficium.

73 2564 124 2626 46
150 2580 179 2620 ao
242 2562 289 2626 iit
320 2561 536 2626 descendit
567 2561 672 2642 iuquit
703 2579 790 2624 cum
822 2561 913 2625 illis
947 2564 985 2625 et
1017 2561 1139 2624 stetit
1175 2561 1212 2624 in
1250 2561 1386 2624 locon

57 2694 87 2746 a,
108 2690 134 2733 n
195 2668 294 2750 pede
318 2669 443 2751 plano.
468 2665 596 2732 aduerte
620 2667 725 2731 omnia
748 2666 926 2751 diiigenter,
952 2665 1107 2749 quomodo
1128 2671 1251 2732 etcum
1271 2685 1342 2749 epo-

196 2773 288 2839 stolis
312 2773 461 2838 ascendat
484 2777 517 2837 et
540 2773 710 2838 descendat
733 2772 772 2836 ad
795 2773 920 2848 turbas;
951 2773 1108 2855 quomodo
1138 2773 1220 2838 enim
1249 2771 1343 2836 turba

195 2881 257 2945 nisi
279 2880 311 2945 in
336 2880 449 2946 humili
474 2879 636 2946 Christum
659 2879 802 2944 uideret?
826 2899 886 2944 non
907 2881 1052 2964 sequitur
1070 2880 1108 2945 ad
1128 2881 1260 2958 excelsa,
1281 2897 1340 2943 uon

196 2987 338 3053 ascendit
360 2987 399 3052 ad
423 2987 582 3052 sublimia.
608 2987 743 3070 denique
766 2987 821 3052 ubi
846 2987 1018 3064 descendit,
1042 2987 1164 3052 inuenit
1185 2987 1340 3062 iniinnos;

147 3113 177 3153 ee
195 3094 227 3158 in
253 3095 384 3160 excelsis
409 3095 491 3158 enim
510 3094 625 3158 infirmi
645 3113 715 3158 esse
735 3113 795 3159 non
815 3097 960 3176 possunt.
981 3095 1026 3160 sie
1046 3095 1138 3158 etiam
1161 3094 1341 3160 Matthaeus

287 3304 299 3356 1
320 3301 394 3358 esar.
413 3303 456 3370 ro,
476 3304 509 3356 13
564 3303 697 3357 straten.
717 3305 743 3372 4,
764 3306 811 3368 1e;
833 3303 910 3372 roe
967 3307 1000 3358 ee
1019 3303 1117 3356 nacte.
1137 3303 1161 3364 e,
1184 3304 1195 3356 1

232 3432 416 3514 tir—promi
435 3448 500 3512 m2),
519 3445 655 3509 Μία.
675 3447 702 3510 o)
758 3445 884 3514 quoniam
907 3443 947 3498 Oa
967 3444 1040 3515 quod
1059 3445 1085 3497 B
1139 3443 1340 3498 sanoLe

193 3535 212 3587 6
238 3535 312 3588 sator
338 3536 379 3586 eet
403 3537 426 3600 (t
453 3535 500 3586 att.
528 3536 611 3602 erce.)
637 3533 664 3586 P
688 3537 793 3587 satores
821 3533 863 3599 (in
888 3551 939 3603 mp.
964 3537 1011 3588 aad
1039 3535 1073 3588 al.
1100 3534 1288 3598 seminatores)
1313 3537 1340 3586 A

194 3625 211 3676 7
233 3621 373 3676 consilium
393 3623 508 3676 caeleste
528 3639 546 3672 α
614 3625 703 3676 iinon
722 3625 749 3691 (n
771 3623 820 3678 oli.
840 3639 861 3676 a.
880 3627 919 3690 u.)
938 3623 1044 3677 nobiles
1062 3623 1090 3676 P
1141 3624 1158 3676 9
1177 3621 1341 3676 traduxisset

193 3711 224 3764 P
240 3713 264 3778 (t
283 3711 331 3764 ait.
351 3713 432 3776 erae)
450 3711 476 3763 L
495 3709 679 3765 traduxisnent
697 3711 728 3764 F
743 3714 802 3777 (ent
819 3712 851 3766 in
868 3718 944 3778 roa),
968 3711 991 3766 O
1009 3716 1051 3780 (nt
1069 3715 1157 3778 crach,
1172 3730 1189 3762 π
1210 3715 1251 3778 (nt
1270 3715 1340 3780 carp.)

232 3797 372 3853 redimisse
386 3799 571 3854 AcEFLOT
586 3806 612 3854 et
630 3801 650 3866 (i
666 3817 709 3868 pr.
725 3817 759 3854 etc
773 3802 797 3866 e)
818 3799 844 3853 V
860 3799 1005 3854 redemisse
1024 3803 1049 3868 (e
1068 3799 1118 3855 alt,
1138 3816 1172 3855 ea·
1183 3801 1203 3867 i)
1224 3807 1291 3868 (m3)
1306 3804 1340 3864 P,

195 3890 265 3956 (ow)
283 3907 301 3940 a
357 3888 386 3940 ll
408 3889 523 3957 gratiam
542 3889 595 3958 (am
615 3905 636 3942 e.
655 3895 694 3951 u.)
715 3889 741 3942 P
821 3888 980 3942 uiderentur
996 3889 1125 3943 APuCX
1141 3894 1168 3956 (n
1188 3907 1257 3945 erae.
1276 3893 1339 3960 PV,

193 3995 255 4046 cap.
275 3979 330 4044 Aa)
349 3976 487 4031 uideretur
505 3983 552 4031 cet.
607 3979 676 4032 ratio
696 3966 725 4032 N
742 3978 777 4043 (N
796 3995 818 4032 c.
837 3993 874 4042 u„
893 3981 974 4047 crae.)
988 3979 1017 4032 P
1064 3985 1129 4046 poet
1148 3979 1339 4049 disputationis

193 4066 264 4121 aoid.
282 4070 341 4120 erte
359 4065 406 4120 sad
425 4066 452 4118 A
510 4065 541 4120 18
561 4066 585 4119 si
604 4085 619 4120 a
638 4067 710 4120 socio
731 4067 862 4130 desertus,
882 4084 898 4121 a
916 4067 989 4121 socio
1008 4067 1132 4137 proditus
1151 4069 1232 4122 fueris
1251 4087 1269 4140 χ
1324 4088 1339 4124 a

190 4167 276 4225 pm.
294 4171 321 4210 u.
340 4155 433 4208 mee
501 4155 617 4224 proditis
635 4157 663 4222 (v
681 4171 702 4209 e.
722 4156 731 4208 i
751 4155 800 4210 alt.
819 4159 876 4222 m2)
895 4157 922 4209 P
997 4158 1031 4210 23
1051 4157 1123 4210 celsa
1142 4157 1173 4211 X
1243 4159 1277 4210 24
1297 4159 1337 4210 in-

192 4247 286 4300 firmos
305 4244 409 4297 inuenit
428 4243 453 4297 L
507 4243 541 4297 25
561 4244 631 4298 sicut
650 4248 692 4312 (ut
710 4248 791 4310 erce.)
809 4246 838 4298 P
908 4244 1001 4314 etiam]
1022 4245 1093 4298 enirn
1112 4263 1130 4314 χ
