3042 4918
272 424 392 488 XXXII
733 421 950 475 Praefatio.

272 618 408 700 episcopi
434 617 602 680 sentcntiae
633 614 729 697 Xpsti
757 635 781 679 e.
810 636 837 697 q.
866 635 890 679 s.
923 615 1033 678 deinde
1066 614 1097 678 in
1129 615 1184 680 iol.
1214 619 1233 680 2
1263 614 1418 698 Prolopus

271 726 374 790 sanccii
400 723 561 788 Ambrosii
593 723 728 802 episcopi
754 720 1002 785 Mediolanensis
1033 723 1068 783 in
1095 722 1285 801 expositione
1310 722 1419 787 hicce

272 831 495 913 erranpclistac;
518 827 631 892 deinde
654 832 729 910 post
751 829 910 910 integrum
934 827 1102 911 prologum
1131 828 1326 912 descriptum
1350 827 1417 892 En-

266 938 358 1019 plicit
385 936 535 1018 prolapus
566 921 620 998 mi
638 934 800 998 Ambrosii
831 934 967 1016 episcopi
995 932 1243 998 Mediolanensis
1274 939 1419 1016 encomia

273 1045 413 1125 capitula
435 1043 581 1106 habentia
600 1042 794 1121 quaestiones
812 1040 850 1104 dc
867 1043 1056 1121 conpositione
1075 1041 1230 1121 ctioripedii
1248 1041 1419 1105 secandam

272 1151 393 1214 Lucam
425 1149 507 1213 beati
533 1149 695 1212 Ambrosii
723 1148 858 1229 episcopi
882 1146 1181 1212 Mediolanensinm.
1206 1147 1340 1230 singulis
1366 1168 1419 1212 en-

274 1257 390 1338 cerptis
409 1256 497 1320 bibuli
520 1255 686 1338 praemissi
710 1260 793 1331 sunt,
817 1255 847 1317 in
873 1254 987 1337 quibus
1012 1257 1068 1317 aut
1091 1254 1164 1318 libri
1187 1255 1367 1318 indicentur
1377 1253 1418 1339 11)

273 1361 325 1448 (ut
347 1363 372 1438 Ι,
396 1364 438 1427 23
462 1363 497 1425 111
521 1361 600 1424 libro
618 1361 725 1442 primo
749 1361 787 1424 dc
808 1360 920 1440 toriplo
943 1361 1025 1423 inter
1048 1365 1147 1423 cetera
1166 1360 1218 1424 uel
1239 1379 1262 1424 s.
1283 1361 1325 1424 33
1344 1362 1417 1423 iteni

273 1471 307 1532 in
331 1469 433 1532 eodeni
456 1468 548 1553 libro)
569 1473 624 1531 aut
642 1471 785 1532 ueterum
807 1467 1084 1552 grnmrnaticorurn
1104 1486 1190 1531 more
1209 1467 1317 1532 uerbis
1336 1468 1419 1530 eins-

274 1578 342 1640 dorn
361 1580 558 1656 postpauca
582 1574 633 1638 uel
657 1577 776 1653 etpost
794 1594 904 1653 panea
925 1573 999 1650 loci,
1023 1574 1106 1638 unde
1131 1577 1276 1656 excerpta
1303 1574 1420 1638 hausta

274 1689 358 1761 sunt,
383 1682 597 1765 designantur.
623 1681 706 1762 quod
731 1682 830 1744 semel
858 1681 940 1744 inter
971 1680 1043 1744 libri
1076 1680 1123 1744 ΙΙΙ
1156 1699 1199 1744 ss.
1230 1682 1268 1744 11
1305 1685 1337 1744 et
1366 1683 1418 1751 12,

274 1790 328 1854 ubi
352 1809 388 1854 ex
411 1787 572 1852 Ambrosii
595 1787 702 1850 uerbis
726 1787 805 1850 nihil
830 1786 939 1850 deesse
962 1785 1099 1863 uidetur,
1123 1785 1204 1850 illud
1222 1791 1421 1866 postpauca

274 1897 428 1961 insertum
458 1897 517 1969 est,
547 1893 641 1957 errori
669 1892 889 1958 tantummodo
918 1892 950 1957 id
974 1892 1175 1956 tribuendum
1201 1912 1270 1956 esse
1294 1911 1419 1958 censeo.

276 2002 330 2085 qui
354 2003 498 2081 excerpta
522 2000 583 2063 ista
608 1999 752 2074 coniecit,
773 1999 932 2064 Ambrosii
957 1999 1055 2062 uerba
1074 2017 1135 2062 non
1154 1999 1258 2063 solum
1276 1999 1308 2062 in
1326 1999 1419 2064 initio

276 2112 308 2172 et
334 2108 395 2172 fine
422 2109 565 2172 locorum
593 2109 809 2188 excerptorum
837 2106 1030 2182 immutsuit,
1065 2105 1121 2170 sed
1153 2107 1249 2170 etiam
1283 2105 1353 2170 aliis
1385 2105 1420 2170 in

274 2215 354 2281 locis
375 2214 413 2278 sd
432 2213 593 2277 libidinem
616 2213 699 2277 bnud
719 2231 821 2294 pauca
838 2213 971 2276 nouauit
988 2213 1040 2297 (cf.
1060 2214 1114 2290 31,
1136 2215 1191 2288 16;
1211 2215 1265 2288 33,
1286 2216 1318 2286 5;
1343 2214 1419 2283 193,

276 2323 320 2404 6).
346 2320 455 2385 codice
480 2338 552 2383 uero
577 2337 656 2382 usus
681 2322 730 2382 est
753 2318 831 2382 satis
854 2318 948 2394 bono,
968 2319 1022 2399 qui
1040 2337 1274 2401 nonnumquam
1294 2339 1365 2383 cum
1384 2319 1420 2382 A

276 2426 493 2492 consentiebat
520 2425 574 2507 (cf.
601 2426 674 2501 176,
701 2427 755 2498 11;
784 2427 857 2501 179,
882 2427 916 2493 A:
945 2427 1015 2503 133,
1043 2427 1097 2500 11;
1124 2427 1198 2500 226,
1223 2427 1258 2500 5;
1283 2427 1357 2502 252,
1384 2429 1420 2498 1;

275 2537 350 2610 308,
374 2535 431 2601 23;
456 2534 531 2607 309,
558 2528 602 2612 1),
627 2531 677 2594 bic
699 2531 808 2594 illicne
832 2531 871 2595 ad
896 2529 932 2593 X
955 2531 1125 2596 accedebat
1148 2531 1201 2614 (ef.
1228 2533 1258 2606 6,
1283 2533 1317 2606 6;
1345 2533 1421 2598 105.

277 2643 309 2704 1:
331 2642 406 2715 204,
432 2641 448 2702 7
475 2637 539 2721 al),
563 2637 715 2701 librorum
740 2641 846 2702 autern
870 2637 930 2702 PL
953 2637 994 2722 (si
1018 2657 1117 2702 unum
1141 2639 1246 2702 locum
1271 2641 1302 2712 5,
1327 2640 1347 2703 3
1371 2657 1422 2702 ex-

276 2743 410 2827 ceperisl
442 2762 570 2825 prorsus
604 2747 669 2806 erat
702 2743 876 2808 dissimilis.
908 2745 938 2806 in
964 2745 1184 2826 supplemento
1209 2743 1422 2809 adnotationis

275 2851 414 2934 potiores
447 2849 520 2913 libri
552 2849 788 2913 Aurelianensis
824 2849 976 2914 lectiones
1011 2851 1257 2914 commemoraui
1289 2855 1364 2914 nota
1396 2875 1421 2912 ω

277 2957 392 3021 addite.

187 3079 271 3132 Rea.
324 3063 371 3128 De
401 3062 508 3126 codiee
536 3061 735 3128 Beruensi
764 3063 827 3128 108
861 3081 943 3129 saec.
971 3063 1011 3139 Χ,
1039 3063 1121 3127 inter
1153 3064 1244 3128 euius
1278 3069 1422 3147 excerpta

276 3170 364 3234 uena
386 3169 554 3232 maximam
578 3172 700 3250 partem
724 3170 808 3234 notis
832 3169 975 3234 tironicis
1000 3175 1124 3234 exarata
1146 3170 1200 3256 (ab
1225 3171 1265 3234 Η.
1289 3170 1421 3255 Hageno

277 3277 437 3358 descripta
475 3279 506 3338 et
542 3275 664 3356 publici
700 3276 778 3340 iuris
815 3277 900 3340 faeta
936 3277 968 3340 in
1003 3277 1112 3342 libello
1151 3277 1203 3341 cui
1238 3277 1423 3342 inscribitur

277 3383 449 3448 Sollemnin
481 3382 583 3446 annin.
622 3381 708 3445 cond.
746 3383 833 3446 1111111.
873 3383 975 3448 Turio.
1007 3383 1104 3464 1880)
1140 3383 1191 3447 tol.
1227 3386 1301 3449 136Γ
1324 3384 1422 3448 huius

278 3489 381 3571 operis
414 3487 485 3552 libri
514 3487 575 3550 Vll
604 3488 760 3552 sectiones
789 3490 853 3552 205
882 3493 913 3553 et
942 3489 1006 3553 206
1034 3488 1186 3572 leguntur
1213 3491 1341 3571 (litteris
1370 3475 1423 3554 dii

276 3593 445 3675 praefixis),
476 3613 535 3656 non
566 3593 665 3656 babeo
695 3593 779 3676 quod
809 3594 921 3670 dicam,
952 3595 1014 3660 nisi
1047 3595 1129 3677 quod
1164 3613 1235 3660 curn
1268 3597 1366 3662 classi
1393 3599 1422 3662 X

277 3701 406 3764 uinculo
423 3699 559 3782 quodam
575 3700 763 3764 coniunctus
779 3720 848 3765 esse
864 3701 999 3766 uidetur.
1010 3705 1149 3766 ceterum
1164 3707 1274 3768 notatu
1291 3703 1421 3788 dignum

278 3809 328 3870 est
341 3826 379 3870 ne
394 3807 425 3868 111
441 3809 507 3868 tam
521 3825 619 3886 paruo
635 3807 763 3888 quidem
778 3807 913 3872 lrustulo
926 3808 1156 3873 audacissimis
1167 3811 1421 3892 interpolationis

277 3912 416 3994 uestigia
440 3911 560 3977 deesse.

322 4021 444 4102 Agmen
460 4018 609 4083 claudant
627 4019 846 4085 homiliaria
862 4025 994 4088 uetusta
1006 4023 1037 4086 111
1054 4023 1169 4106 quibus
1190 4023 1272 4086 barrd
1292 4024 1422 4110 exiguae

279 4125 380 4207 operis
407 4125 608 4191 Ambrosiani
631 4128 804 4209 particulae
831 4130 981 4213 leguntur
1011 4149 1046 4194 eo
1076 4131 1208 4196 consilio
1238 4129 1356 4195 electae
1386 4134 1422 4194 ut

325 4315 357 4384 11)
378 4315 419 4372 Cf,
438 4334 506 4387 quae
525 4319 647 4388 exposita
665 4323 729 4372 sunt
746 4337 808 4389 pag·
826 4321 864 4374 XI
883 4337 922 4389 sq.
