3044 4930
287 459 428 529 Expositio
448 457 584 526 euangelii
603 457 691 510 Lucae
711 455 739 510 11
759 457 862 510 13-15
882 456 962 524 (1280
982 457 1112 512 B-losr
1132 459 1174 522 Β).
1248 461 1291 524 49

145 661 172 726 si
196 655 398 722 descenderis
422 654 453 718 in
478 653 647 724 infernum,
676 650 775 714 adest.
802 649 896 715 hodie
921 670 993 714 cum
1016 652 1137 733 loquor,
1166 673 1292 719 mecum

148 769 207 840 est,
231 764 316 828 intra
338 761 398 826 hoo
421 763 586 842 punctum,
610 759 692 822 intro
714 757 775 820 hoo
798 761 993 822 momentum
1019 761 1060 837 et,
1085 760 1112 824 si
1135 761 1166 824 in
1186 763 1294 827 Arme-

148 871 199 935 niu
219 887 303 934 nuno
320 867 463 950 loquitur
482 865 690 942 Christianus,
710 865 801 928 Iesus
821 863 927 938 adest;
952 884 1062 930 nemo
1088 866 1170 931 enim
1191 869 1296 934 dicit

149 977 354 1042 dominum
383 974 516 1038 Iesum
545 971 625 1036 nisi
648 971 686 1034 in
711 970 864 1052 spiritu
889 975 1041 1036 saneto.
1071 973 1203 1057 abyssos
1229 977 1294 1060 opi·

118 1085 242 1150 rnione
272 1083 299 1146 si
326 1083 482 1164 penetres,
509 1077 577 1144 illic
602 1095 727 1160 qrroqne
750 1078 857 1142 lesum
881 1077 1006 1142 uidebis
1031 1081 1168 1162 operari3
1198 1085 1294 1166 scrip·

147 1195 218 1256 tum
244 1187 412 1254 estenim:
437 1206 481 1250 ne
506 1184 660 1250 dixeris
684 1184 723 1248 in
748 1183 972 1248 cordetuo:
998 1187 1296 1268 quisasoendit

147 1299 185 1362 in
220 1297 401 1360 caelum?
433 1293 472 1356 id
513 1295 576 1357 eat
608 1290 814 1356 Christum
855 1291 1059 1368 deducere,
1098 1298 1170 1359 aut:
1204 1297 1294 1378 quis

83 1485 88 1496 .
148 1401 367 1469 descendit
394 1400 432 1464 in
462 1399 677 1481 abyssum?
705 1398 778 1463 hoc
808 1402 870 1462 est
894 1398 1100 1464 Christum
1132 1421 1173 1465 er
1202 1423 1295 1467 mor·

147 1512 234 1577 tuis
262 1508 469 1574 reducere.
497 1505 553 1570 ubi
582 1523 656 1588 ergo
685 1525 746 1569 non
771 1508 821 1569 est
849 1505 903 1588 qui
932 1506 1089 1582 caelestia,
1120 1507 1241 1573 inferna
1264 1516 1335 1574 ctn

106 1637 128 1674 u
149 1622 273 1682 terrena
301 1613 485 1697 conpleuit?
519 1612 596 1677 bene
624 1630 698 1695 ergo
726 1631 860 1694 magnus
891 1613 982 1676 euius
1010 1613 1113 1678 uirtus
1142 1615 1295 1680 mundum

42 1745 96 1791 aar
148 1723 298 1806 repleuit,
333 1721 386 1804 qui
417 1720 536 1802 ubique
565 1721 615 1784 est
643 1723 675 1782 et
698 1719 759 1783 erit
786 1737 920 1802 semper,
954 1720 1029 1803 quia
1060 1722 1175 1804 regni
1209 1724 1297 1788 eius

151 1851 226 1896 non
252 1830 334 1894 erit
356 1827 466 1892 linis,

53 1935 87 1998 lt
196 1935 313 2002 Dixit
348 1935 481 1998 autem
513 1931 642 1996 Maria
675 1932 719 1996 ad
753 1933 956 2016 angelum:
991 1934 1188 2016 quomodo
1222 1937 1299 2000 fiet

43 2055 96 2104 tol
151 2042 277 2121 istud,
306 2039 493 2123 quonium
522 2039 653 2103 uirum
683 2059 756 2104 non
786 2041 985 2123 cognoui?
1012 2041 1140 2106 uidetur
1163 2042 1214 2106 hio
1238 2063 1298 2108 non

110 2149 325 2214 recredidisse
349 2147 460 2222 Maria,
484 2146 545 2210 nisi
569 2146 737 2228 diligenter
760 2146 924 2221 aduertas;
949 2167 1052 2230 neque
1077 2150 1158 2214 enirn
1183 2151 1230 2213 fes
1251 2155 1301 2215 est

153 2261 190 2320 nt
215 2255 316 2318 electa
340 2253 379 2316 ad
403 2251 616 2334 generandum
645 2251 845 2335 unigenitum
870 2252 921 2316 dei
944 2252 1044 2317 filium
1069 2255 1170 2318 luisse
1194 2256 1299 2319 uidea-

153 2371 207 2426 tur
237 2359 410 2424 incredule
444 2377 506 2441 quo
540 2361 646 2422 autem
675 2358 769 2422 modo
798 2357 864 2421 fieri
892 2363 1002 2441 posset
1035 2397 1073 2406 —
1103 2361 1179 2424 lieet
1212 2363 1432 2432 salun1287A

153 2466 377 2551 praerogatiua
401 2466 445 2530 sit
467 2465 589 2540 matris,
614 2465 665 2528 cui
689 2466 829 2548 proiecto
850 2465 910 2530 tuit
929 2466 1067 2548 amplius
1087 2466 1300 2546 deserendum,

155 2575 211 2640 sed
235 2577 272 2638 ut
295 2572 515 2656 praerogatiua
537 2571 646 2642 maior,
670 2571 770 2635 maior
793 2572 888 2635 etiam
916 2571 994 2636 fides
1020 2573 1047 2636 ei
1071 2572 1183 2638 debuit
1204 2595 1302 2638 resor-

114 2707 140 2746 ω
157 2681 226 2747 uari
256 2717 294 2726 -
324 2698 386 2760 quo
416 2697 491 2762 ergo
519 2677 586 2742 lieri
615 2677 708 2741 modo
737 2683 857 2760 posset,
882 2679 1138 2756 utZaochorias,
1163 2681 1302 2762 quinon

157 2787 341 2862 crediderat,
371 2785 490 2849 silentii
519 2785 789 2862 condemnaretur,
818 2785 918 2848 Maria
948 2789 1064 2864 autem,
1094 2787 1122 2851 si
1150 2806 1210 2851 non
1239 2807 1303 2850 cre·

158 2893 302 2967 didisset,
328 2891 459 2974 spiritus
484 2892 586 2956 sancti
610 2891 768 2954 infusione
796 2892 1009 2956 exaltaretur?
1038 2893 1093 2956 sed
1117 2912 1218 2976 neque
1242 2913 1303 2958 non

158 2999 284 3066 eredere
303 2999 404 3064 Maria
428 3017 528 3080 neque
552 3001 618 3061 tam
637 3001 755 3061 temere
775 2997 886 3062 debuit
909 3017 1072 3080 usurpare,
1096 3019 1157 3064 non
1177 2999 1303 3064 credere

158 3105 282 3190 angelo,
306 3124 457 3188 usurpare
482 3104 599 3170 diuina.
623 3123 724 3186 neque
748 3105 830 3168 enim
854 3105 947 3170 facile
971 3109 1037 3170 erat
1056 3107 1136 3171 scire
1159 3111 1344 3189 myste-13

117 3237 142 3278 se
160 3215 262 3278 rium
291 3211 574 3276 absconditum
604 3211 829 3276 asseculis
853 3211 888 3274 in
915 3212 997 3289 deo,
1023 3213 1107 3295 quod
1131 3233 1188 3278 nec
1212 3233 1305 3296 supe-

158 3320 257 3386 riores
281 3323 457 3402 potestates
481 3318 561 3382 soire
584 3321 766 3402 potuerunt.
792 3321 952 3383 ettamen
976 3339 1036 3384 non
1057 3320 1150 3384 fidem
1169 3321 1304 3396 rennuit,

160 3447 220 3492 non
249 3425 391 3490 osticium
418 3425 581 3502 refutauit,
611 3424 667 3488 sed
691 3424 949 3490 adcommodauit
972 3427 1143 3503 adlectum,
1172 3446 1305 3510 spopon-

252 3683 301 3740 31
321 3683 381 3740 Cor.
403 3685 444 3752 12,
463 3685 479 3738 3
527 3685 543 3737 6
562 3683 638 3737 Rom.
660 3684 702 3750 10,
721 3685 737 3738 6
757 3701 807 3754 squ
843 3685 878 3738 24
897 3685 994 3754 Ephea
1014 3685 1040 3754 3,
1060 3687 1084 3754 9,
1105 3685 1208 3740 Colono.
1230 3688 1252 3756 1,
1273 3687 1307 3742 26

197 3831 213 3884 3
238 3829 368 3897 loquatur
391 3829 420 3881 X
508 3828 525 3880 4
550 3826 660 3895 abyssos
687 3825 752 3895 cers
776 3827 874 3896 abyssu
901 3829 924 3882 0
946 3829 1058 3898 abyssus
1087 3835 1134 3884 eet.
1162 3833 1214 3898 (os
1238 3847 1307 3884 corr.

161 3917 284 3983 PBEF)
334 3915 540 3970 aescendere
587 3915 663 3984 Sex]
684 3931 731 3986 αχ
786 3915 1038 3970 9dednoerePu0
1090 3918 1308 3982 opeoeelestiaP

164 4009 196 4061 14
216 4021 351 4076 cognosco
373 4003 409 4073 Cp
466 4005 498 4058 17
518 4005 605 4073 possit
621 4022 636 4073 γ
656 4007 747 4073 potest
764 4005 796 4057 X
813 4005 911 4072 (possit
929 4007 976 4058 m2
991 4005 1022 4068 V,
1043 4011 1135 4075 posset
1152 4007 1184 4059 in
1200 4024 1251 4075 mp.
1271 4007 1308 4072 F)

163 4099 198 4152 20
215 4097 296 4152 ruodo
317 4095 374 4149 lieri
396 4095 564 4158 Gosiaenm's,
582 4093 715 4148 Maurici
822 4095 854 4148 21
876 4095 979 4148 silentii
998 4099 1024 4163 (o
1043 4113 1064 4150 e.
1085 4098 1093 4148 i
1112 4097 1160 4150 ult.
1181 4101 1237 4159 m2)
1256 4097 1309 4150 FO

163 4185 273 4240 silentio
292 4185 338 4255 Βχ
417 4184 452 4238 al
472 4182 542 4236 enim
560 4198 647 4251 neque
668 4182 755 4251 (ciclis
773 4181 824 4234 M
845 4185 1057 4252 suprapositis)
1075 4185 1103 4238 P
1121 4186 1261 4238 necerim
1283 4183 1308 4236 G

164 4275 198 4328 26
217 4273 328 4338 reducit
346 4272 373 4326 P
390 4275 507 4325 renuunt
525 4270 552 4324 L
627 4271 661 4324 27
682 4271 856 4341 spoespondit
874 4271 901 4324 B
919 4272 1066 4341 llllspondit
1085 4277 1109 4337 (s
1128 4273 1159 4326 in
1177 4289 1232 4326 rue.
1251 4276 1308 4332 ru2l

169 4359 323 4432 Vspondit
342 4379 360 4411 α

192 4487 284 4530 xxm.
300 4487 379 4527 Ambe.
394 4496 446 4536 pm
459 4486 480 4524 4.
1256 4467 1274 4517 4
