3108 4932
238 445 302 509 260
713 441 911 496 Ambrosii

238 637 314 701 licet
335 635 421 702 uitae
444 636 558 720 prioris
581 637 613 700 in
640 637 798 719 reliquum
827 639 932 702 tamen
961 637 1108 720 dignetur
1134 637 1286 702 mundare
1315 657 1386 720 pro-

239 747 371 810 cessus?
395 744 447 809 hic
470 747 519 808 est
542 743 641 827 igitur
664 745 753 808 solus
778 763 981 825 quemnemo
1001 745 1144 810 deserere
1164 744 1267 822 debet,
1291 763 1385 809 nemo

238 853 370 928 mutare,
394 851 446 914 cui
464 850 542 914 bene
562 850 691 915 dicitur:
716 850 872 929 domine,
897 850 940 915 ad
960 869 1067 933 quem
1085 851 1246 916 ibimus?
1269 851 1386 916 uerba

239 957 341 1021 uitae
361 961 533 1021 aeternae
552 957 678 1034 habes,
698 961 735 1020 et
753 975 819 1021 nos
840 956 1034 1022 credimus.
1058 957 1149 1021 uides
1169 960 1386 1022 exsecutorem

239 1064 424 1128 caelestium
448 1065 696 1146 praeceptomm‚
721 1063 775 1144 qui
795 1063 943 1144 quoniam
962 1081 1021 1128 non
1042 1065 1181 1128 mutauit
1198 1063 1384 1146 hospitium,
1423 1089 1437 1129 s

174 1167 215 1232 68
239 1169 385 1235 caelestis
405 1169 599 1234 consortium
615 1169 861 1234 consecrationis
877 1170 1019 1234 emeruit.
1034 1170 1111 1234 fides
1126 1170 1226 1254 igitur
1239 1169 1385 1251 inprimis
1457 1178 1489 1232 D

240 1277 391 1341 ecelesiae
415 1275 592 1359 quaerenda
614 1276 789 1351 mandatur,
814 1275 846 1340 in
870 1295 932 1360 qua
955 1277 983 1342 si
1003 1275 1159 1355 Christus,
1183 1278 1385 1344 habitaturus

240 1384 292 1460 sit,
325 1383 404 1447 haut
436 1383 531 1446 dubie
564 1383 607 1447 sit
638 1382 782 1466 legende.
816 1383 863 1446 sin
893 1402 968 1448 uero
997 1383 1134 1468 populus
1162 1383 1300 1467 perfidus
1329 1391 1386 1451 aut

239 1493 424 1574 praeceptor
450 1488 628 1554 haereticus
657 1488 811 1554 deformet
838 1488 1067 1568 habitaculum,
1095 1490 1225 1555 uitanda
1251 1491 1385 1556 baereti-

240 1613 347 1660 corum
385 1595 562 1673 conmunio,
603 1595 753 1678 fugienda
789 1615 950 1680 synagoga
987 1599 1139 1662 censetur.
1178 1597 1384 1664 excutiendus
1407 1621 1436 1661 ro

240 1703 356 1786 pedum
388 1703 507 1785 puluis,
540 1722 578 1766 ne
610 1703 830 1768 fatiscentibus
861 1701 1009 1786 perfidias
1037 1704 1156 1768 sterilis
1184 1704 1385 1770 siccitatibus

239 1815 401 1891 tamquam
439 1808 528 1872 humi
562 1809 648 1873 arido
680 1809 895 1892 harenosoque
937 1810 1053 1874 mentis
1093 1813 1167 1874 tuae
1208 1811 1384 1894 uestigium

240 1917 409 2000 polluatur.
439 1936 512 1980 nam
536 1915 621 1981 siout
643 1935 809 1998 corporeas
832 1915 1031 1980 infirmitates
1054 1916 1165 2000 populi
1188 1915 1291 1981 fidelis
1315 1937 1385 1981 sus·
1462 1925 1489 1980 Ε

241 2021 344 2105 cipere
366 2022 398 2086 in
422 2041 456 2087 se
480 2021 575 2086 debet
597 2023 754 2106 euangelii
777 2022 973 2104 praedicator
1001 2027 1033 2087 et
1059 2027 1222 2106 tamquam
1248 2023 1385 2108 propriis

239 2129 344 2193 inania
367 2133 458 2212 gesta
479 2128 605 2211 pulueri
628 2127 824 2209 conparanda
847 2127 993 2192 adleuare
1018 2133 1112 2210 atque
1136 2129 1260 2194 abolere
1287 2129 1385 2194 nesti·
1406 2154 1436 2196 re

241 2235 302 2319 giis
325 2236 412 2299 iuxta
435 2235 519 2317 quod
543 2234 697 2316 scriptum
722 2239 784 2298 ast:
810 2235 894 2317 quis
917 2235 1136 2300 infirmatur
1163 2239 1200 2300 et
1223 2255 1292 2300 non
1317 2254 1384 2318 ego

240 2342 432 2406 infirmor?
463 2341 509 2404 ita
542 2340 569 2405 si
598 2360 660 2424 qua
688 2345 737 2405 est
765 2341 908 2416 ecclesia,
943 2361 1022 2424 quae
1049 2342 1144 2407 fidem
1171 2344 1301 2424 respuat
1327 2361 1385 2405 nec

241 2447 433 2531 apostolicae
447 2447 689 2530 praedicationis
703 2447 907 2512 fundamenta
921 2448 1093 2530 possideat,
1114 2467 1152 2513 ne
1167 2467 1261 2530 quarn
1280 2447 1385 2511 labem

240 2554 388 2639 perfidiae
410 2553 514 2636 possit
537 2573 712 2638 aspergere,
737 2553 908 2618 deserenda
931 2557 990 2620 est.
1015 2555 1099 2638 quod
1122 2554 1286 2637 apostolus
1310 2571 1385 2636 quo-

242 2681 302 2744 que
327 2659 490 2725 euidenter
513 2659 655 2724 adseruit
678 2659 802 2724 dicens:
831 2659 1063 2726 haereticum
1091 2663 1275 2726 hominem
1298 2664 1386 2744 post
1406 2686 1438 2726 ao

241 2787 348 2848 unam
373 2766 647 2849 correptionem
672 2765 810 2830 deuita.
1463 2779 1492 2833 F

176 2877 217 2939 69
285 2872 349 2937 Ait
372 2875 494 2936 autem
519 2871 562 2936 ad
586 2891 664 2937 eos:
697 2872 781 2936 date
805 2873 887 2936 illis
912 2891 979 2938 uos
1004 2873 1235 2939 manducare.
1264 2875 1301 2938 at
1323 2873 1385 2938 illi

166 3007 186 3056 o,
202 2977 430 3047 indixerunt:
464 2997 532 3043 non
566 2983 654 3044 sunt
680 2979 788 3043 nobis
816 2979 901 3060 plus
930 2999 1037 3061 quam
1066 2981 1230 3063 quinque
1258 2999 1385 3063 panes.

242 3103 322 3167 quae
353 3085 433 3149 ratio
467 3089 516 3150 est
548 3085 632 3167 quod
664 3105 736 3150 cum
769 3085 801 3149 in
833 3087 1060 3168 posterioribus
1092 3087 1240 3151 Iohannis
1277 3086 1385 3168 passio

179 3191 448 3274 uadescribatur,
476 3193 527 3256 hic
554 3191 618 3255 iem
646 3195 791 3258 mortuus
819 3193 926 3257 uerbis
953 3193 1088 3258 Herodis
1116 3193 1314 3260 ostenditur?
1347 3213 1385 3257 ne
1405 3217 1436 3258 rs

331 3419 347 3474 a
367 3419 425 3474 ron.
445 3420 470 3488 a,
490 3419 523 3474 aa
543 3435 583 3488 sq.
639 3421 672 3475 1e
691 3419 720 3474 11
739 3419 799 3474 cor.
820 3421 862 3480 11,
882 3420 916 3474 aa
970 3419 1005 3474 20
1024 3419 1077 3474 ru.
1098 3420 1123 3488 a,
1144 3419 1176 3474 ro

279 3543 292 3596 l
314 3535 441 3612 dignetur
459 3547 486 3611 (a
504 3561 524 3596 a.
546 3560 559 3596 a
578 3546 635 3608 md)
655 3561 672 3594 π
692 3543 820 3612 dignatur
838 3545 863 3610 (e
881 3560 902 3596 a.
923 3560 939 3596 a
957 3543 1014 3613 nr2)
1033 3543 1063 3596 F
1137 3545 1155 3596 4
1174 3543 1338 3600 credidimus
1357 3544 1389 3596 X

242 3634 258 3686 5
279 3633 325 3700 qui
345 3631 452 3700 quando
472 3633 504 3684 X
618 3633 634 3686 6
653 3631 833 3685 habitationis
855 3631 1011 3686 Gratianus
1118 3633 1241 3701 inprimis
1259 3633 1299 3698 in)
1316 3649 1338 3689 a.
1357 3651 1386 3687 o.

242 3723 299 3786 m2)
320 3723 344 3772 A
436 3721 451 3773 7
471 3721 493 3774 si
512 3735 533 3774 e.
552 3737 580 3774 u.
595 3721 621 3773 A
693 3720 866 3774 habitaturus
881 3723 908 3775 A
926 3721 982 3790 (tur
999 3737 1020 3774 e.
1040 3724 1117 3774 turus
1136 3726 1193 3788 m2)
1210 3721 1290 3775 PBL
1308 3721 1387 3775 habi-

242 3809 1048 3878 tatoraporaeturnsmer.suant(ne.o.m3)1³
1101 3811 1157 3864 siut
1178 3810 1246 3864 Tet
1265 3813 1293 3878 (n
1314 3815 1386 3879 cop.)

242 3896 301 3949 ΑΕ
406 3895 537 3965 elegendo
556 3897 582 3948 P
599 3899 624 3960 (e
639 3913 685 3963 pr.
705 3897 786 3968 eros.)
805 3916 822 3948 π
928 3898 958 3950 11
981 3897 1081 3951 sterilis
1101 3899 1121 3962 (i
1135 3913 1181 3966 pr.
1201 3915 1234 3952 eu
1252 3914 1267 3951 a
1284 3901 1343 3965 aad)
1361 3899 1390 3952 P

245 3985 278 4038 12
296 3983 371 4037 hurni
391 3988 416 4052 (ο
435 4001 456 4037 a
477 3985 485 4037 i
504 3989 561 4052 m2)
581 3985 684 4038 PFuV
788 3989 851 4038 tuae
870 4002 920 4039 ons.
941 3985 972 4038 X
1072 3987 1221 4055 uestigium
1240 3983 1339 4055 pedum
1357 3986 1390 4038 X

244 4072 353 4141 (pedum
373 4073 491 4126 dedan?
508 4073 549 4139 F)
625 4075 656 4127 13
676 4073 747 4126 sieut
765 4077 834 4142 (erpi.
854 4075 958 4138 m3)A
1040 4075 1073 4129 16
1092 4091 1144 4128 nou
1164 4075 1304 4144 egert
1323 4078 1388 4142 (non

242 4179 263 4216 s.
282 4161 321 4230 u.)
340 4179 365 4224 a,
386 4179 436 4230 ego
455 4178 508 4214 uon
528 4168 574 4215 cat.
632 4161 664 4215 18
684 4163 829 4231 possedeat
847 4163 874 4215 P
891 4165 970 4230 (corr.
989 4165 1047 4228 atsi)
1067 4162 1093 4214 L
1149 4165 1181 4218 19
1201 4163 1273 4232 quod
1291 4164 1337 4232 (od
1355 4165 1388 4218 in

242 4249 310 4319 ros)
333 4249 441 4318 unos
461 4249 531 4302 Fue
585 4251 616 4303 21
640 4251 837 4319 corruptionem
856 4252 888 4304 X
904 4255 928 4319 (e
948 4267 968 4306 s.
989 4268 1006 4304 u
1025 4251 1118 4320 meo)
1164 4252 1198 4305 22
1217 4269 1266 4305 uos
1287 4268 1337 4308 orn.
1357 4253 1391 4305 X

244 4337 277 4390 ad
296 4339 323 4391 A
378 4339 412 4391 24
430 4337 561 4391 iohannes
580 4339 607 4390 A
678 4339 767 4408 passio
787 4341 813 4406 (o
832 4355 853 4393 a.
873 4342 910 4405 u.)
931 4340 956 4392 A
