3108 4932
326 442 1240 516 mamaanamunnvrm-nunmn-mmcr
1300 429 1415 515 mr'

218 638 250 702 in
283 639 408 705 deserto
436 641 607 706 Iohannem
643 640 751 706 uidere
786 641 965 725 cupiebant,
995 641 1050 725 qui
1077 645 1145 706 erat
1172 643 1301 709 clausus
1332 643 1364 708 in

200 749 363 812 carcere?
387 765 481 829 quem
508 747 600 813 nobis
629 747 775 812 dominus
802 747 950 830 proponit
976 747 1177 824 imitandum,
1202 748 1256 831 qui
1278 749 1365 814 niam

217 853 344 918 domino
368 871 430 918 non
454 853 557 919 solum
581 853 731 920 nascendi
757 854 931 919 secundum
956 874 1079 920 earnem
1103 855 1210 920 ordine
1228 854 1365 938 fideique

217 957 327 1023 nuntio
358 958 415 1024 sed
438 960 532 1025 etiam
555 977 729 1042 praecursu
757 960 895 1042 quodam
923 960 1080 1045 gloriosae
1107 961 1269 1044 parauerit
1294 981 1365 1044 pas-

185 1063 325 1130 saionis.
353 1064 454 1130 maior
485 1083 560 1130 sans
591 1066 755 1150 propheta,
782 1067 812 1129 in
848 1083 910 1148 quo
941 1065 1014 1131 finis
1046 1069 1096 1130 est
1128 1067 1363 1150 prophetarum.
1385 1069 1498 1126 13821

216 1171 319 1236 maior
343 1171 507 1256 propbeta,
532 1172 607 1255 quia
632 1173 726 1237 multi
754 1172 863 1238 uidere
888 1171 1056 1255 cupierunt
1084 1192 1177 1256 quem
1205 1173 1267 1239 iste
1294 1193 1363 1257 pro-

78 1273 146 1336 110
216 1276 373 1362 phetauit,
392 1297 487 1361 quem
506 1278 568 1343 iste
592 1279 764 1362 conspexit,
784 1297 878 1362 quem
896 1279 958 1345 iste
976 1279 1160 1362 baptizarit.
1185 1281 1240 1346 sed
1258 1283 1363 1346 tamen

216 1383 371 1466 numquid
390 1385 422 1448 et
440 1383 496 1448 illo
517 1383 625 1462 maior,
646 1383 684 1449 de
704 1403 765 1466 quo
785 1382 913 1467 Moyses
933 1383 1011 1449 dixit
1030 1385 1104 1468 qnia
1126 1386 1363 1469 prophetam

215 1491 336 1556 uobis
362 1491 591 1556 suscitabit
613 1491 800 1556 dominus
825 1490 922 1556 dena
946 1496 1097 1571 noster,
1121 1492 1159 1557 de
1183 1512 1245 1575 quo
1270 1492 1361 1558 dixit:

175 1597 296 1661 ruerit
323 1599 471 1662 autern:
501 1596 628 1662 omnis
662 1597 793 1661 anima
821 1616 922 1680 quae
959 1617 1033 1664 non
1062 1599 1246 1664 audierit
1281 1619 1362 1683 pro·

215 1705 376 1786 phetam
409 1705 525 1770 illum
560 1703 904 1769 exterminabitur
940 1704 984 1770 de
1021 1704 1162 1786 plebe?
1200 1706 1228 1770 si
1264 1706 1364 1791 igitur

217 1810 362 1876 Christus
394 1811 559 1894 propheta,
598 1810 755 1894 quomodo
788 1810 889 1876 maior
920 1811 973 1876 hic
1007 1812 1175 1877 omnibus?
1207 1813 1361 1896 numquid

216 1915 378 1982 Christum
401 1919 588 2001 prophetam
616 1921 793 2002 negamus?
824 1917 921 1983 immo
959 1921 992 1983 et
1029 1917 1192 1984 dominum
1229 1921 1403 2004 prophe-B

215 2025 281 2088 tam
310 2023 420 2088 adsero
450 2027 482 2089 et
509 2025 594 2090 hunc
622 2023 770 2089 omnibns
794 2024 864 2090 dico
898 2043 967 2090 esse
999 2025 1160 2104 maiorem,
1194 2027 1250 2091 sed
1280 2027 1362 2092 inter

170 2147 198 2188 ιι
215 2128 369 2209 mulieris,
403 2150 464 2196 non
496 2129 632 2214 uirginis
662 2133 766 2198 natos,
802 2129 903 2194 maior
939 2129 1023 2195 enim
1058 2130 1122 2195 fuit
1156 2131 1207 2196 bis
1244 2131 1360 2214 quibus

215 2235 357 2318 aequalis
386 2255 456 2302 ease
484 2239 608 2320 poterat
635 2239 719 2302 sorte
742 2237 902 2302 nascendi.
926 2237 989 2302 alia
1011 2236 1075 2304 ista
1096 2239 1209 2302 natura
1232 2241 1282 2303 est
1304 2257 1361 2303 nec

216 2361 288 2408 cum
315 2343 461 2408 humanis
490 2342 746 2428 generationibus
777 2343 981 2426 conparanda.
1008 2362 1070 2408 non
1102 2345 1210 2425 potest
1240 2343 1361 2408 homini

215 2469 287 2514 cnm
321 2449 379 2515 deo
412 2449 478 2514 ulla
510 2468 581 2514 esse
613 2449 765 2524 oculatim
799 2449 866 2514 suis
900 2449 983 2514 enim
1015 2449 1149 2532 quisque
1177 2452 1360 2534 praefertur.

214 2555 350 2640 deniquo
374 2574 514 2639 eousque
538 2575 610 2622 cum
636 2555 686 2620 dei
708 2554 775 2620 tilio
798 2575 859 2622 non
883 2559 1008 2640 poterat
1025 2556 1176 2622 Iohannis
1200 2576 1271 2623 esse
1293 2557 1361 2630 ulla

168 2681 197 2723 ιο
214 2663 362 2740 conlatio,
386 2665 424 2727 ut
447 2666 478 2728 et
500 2663 582 2728 infra
605 2663 734 2748 angelos
758 2663 952 2728 aestimetur.
1379 2669 1401 2727 c

66 2775 138 2841 111
255 2769 351 2834 Nam
372 2771 438 2853 qui
457 2769 589 2834 minor
607 2773 669 2834 est
688 2769 791 2851 inquit
809 2769 847 2834 in
867 2788 988 2854 regno
1009 2771 1213 2835 caelorum
1233 2769 1361 2835 maior

76 2907 102 2962 ι,
122 2903 152 2948 aa
213 2879 275 2941 est
307 2895 357 2942 eo.
391 2877 507 2942 etenim
539 2875 687 2960 quoniam
723 2877 870 2960 angelum
907 2876 1036 2956 dixerat,
1072 2876 1255 2944 bominibus
1290 2877 1359 2943 inre

299 3156 434 3211 dMatth.
454 3157 497 3225 13,
518 3156 549 3211 17
641 3156 657 3210 8
676 3155 757 3210 Dent.
779 3156 821 3224 18,
842 3157 875 3212 15
968 3156 1000 3210 10
1019 3157 1078 3211 Act.
1104 3157 1130 3224 3,
1149 3157 1197 3220 23;
1223 3155 1255 3210 cf.
1277 3157 1357 3211 Dent.

211 3245 254 3310 18,
275 3245 308 3299 19

245 3369 448 3440 2preponitA
501 3367 648 3422 tuendos
668 3367 750 3421 etiarn
768 3367 846 3420 Pml
863 3368 975 3422 nuntius
995 3367 1077 3422 etiam
1096 3367 1214 3422 Pmeu
1277 3385 1356 3437 praa-

208 3473 317 3512 cursnre
336 3461 375 3525 (re
395 3456 461 3511 add.
479 3457 537 3523 md)
555 3457 582 3509 A
637 3455 654 3511 6
673 3456 816 3525 cupierunt
833 3454 926 3509 uidere
944 3454 1016 3528 Βθχ
1077 3457 1094 3510 9
1114 3456 1257 3510 suscitabit
1277 3456 1358 3510 CEP

208 3552 233 3600 at
251 3549 299 3600 m2
315 3545 370 3600 ΡΒ
389 3544 534 3600 suscitauit
552 3543 605 3598 PB
623 3548 666 3598 ml
683 3548 731 3599 cet.
804 3543 871 3597 deus
889 3559 940 3598 om.
959 3543 1012 3598 PL
1081 3545 1112 3598 11
1135 3544 1313 3598 exterminata
1331 3543 1359 3598 P

207 3641 235 3705 (a
254 3634 304 3690 alt.
322 3650 344 3688 a.
363 3651 400 3700 aa,
424 3633 523 3688 deinde
545 3636 593 3687 md
615 3633 647 3688 ιἰι
668 3633 730 3702 abac
747 3647 830 3686 werec
848 3632 1015 3704 apscstllam
1035 3633 1146 3699 adiecit)
1166 3631 1209 3686 al]
1233 3633 1356 3687 extermi-

207 3728 288 3779 natur
306 3724 337 3777 X
407 3724 446 3776 aie
465 3725 491 3790 (c
510 3724 590 3790 eras.)
608 3722 636 3775 P
690 3723 723 3775 12
742 3722 829 3775 maior
846 3721 901 3790 bic]
921 3721 966 3776 hic
984 3721 1070 3777 maior
1084 3721 1143 3775 FV
1158 3727 1184 3776 et
1202 3722 1257 3791 (hio
1274 3737 1297 3779 a.
1316 3725 1356 3788 u.)

211 3812 339 3882 Oigitur
357 3811 473 3866 maiora
598 3809 730 3880 numquid
749 3811 770 3879 (i
788 3827 808 3865 ι.
823 3811 863 3878 ιι.)
878 3810 907 3864 P
995 3811 1028 3866 13
1042 3816 1109 3879 poor
1129 3809 1267 3865 dominnm
1288 3811 1354 3867 add.

208 3900 377 3964 confitemur,
396 3899 540 3954 iohannem
559 3903 649 3953 autern
671 3897 743 3953 amo
866 3898 1028 3970 prophetam
1046 3899 1069 3966 (1
1087 3913 1145 3952 rum
1164 3915 1185 3954 a.
1204 3916 1231 3952 ιιι
1249 3902 1307 3966 m2)
1331 3899 1355 3950 V

209 3993 243 4046 14
262 3988 395 4044 adserunt
412 3989 444 4042 X
542 3988 575 4042 15
594 3989 721 4043 mulieres
740 3987 826 4042 ABX
933 3987 1054 4056 uirginea
1072 3988 1099 4041 A
1119 3993 1144 4042 ct
1163 3991 1203 4056 (cs
1223 4005 1256 4042 cx
1274 3989 1308 4054 is)
1329 3988 1356 4040 B

208 4081 242 4134 16
260 4081 371 4149 potarat
389 4076 493 4132 easeG
599 4081 641 4132 est
659 4093 711 4132 om.
730 4077 761 4131 X
869 4077 900 4130 17
920 4075 1066 4130 humanum
1090 4078 1125 4141 (is
1148 4093 1169 4133 a.
1190 4093 1235 4130 um
1253 4079 1309 4142 m3)
1328 4079 1354 4129 A

208 4153 591 4224 mmurffiw
680 4165 857 4220 mmm
964 4165 1353 4234 mwmfflwm

243 4257 427 4312 exsistimetur
454 4255 481 4308 A
509 4255 678 4308 existimetur
704 4255 724 4322 (i
747 4269 793 4322 pr.
818 4269 852 4308 cx
875 4255 899 4321 e)
923 4255 950 4308 B
977 4254 1121 4308 extimetur
1145 4257 1210 4322 (eat
1235 4258 1315 4319 corr.)
1337 4273 1353 4305 ιι

207 4347 241 4400 21
261 4346 351 4416 inquit
370 4349 411 4398 est
429 4343 502 4415 M
554 4345 589 4398 22
608 4341 677 4397 dixit
695 4359 756 4398 anm
775 4359 792 4393 ιι

1268 4444 1317 4500 15*
