3086 4938
233 413 296 476 354
704 412 903 466 Ambrosii
988 473 991 480 .

232 610 361 670 naturae
386 623 511 670 seruare
535 624 596 670 non
621 611 766 689 possunt.
790 606 907 672 etenim
931 627 993 690 qua
1016 626 1049 672 se
1074 608 1176 674 medio
1195 609 1322 674 trudere
1342 610 1381 676 dc
1451 618 1473 669 l·

232 713 348 777 cortice
368 733 493 798 gemma
507 714 686 790 consueuit,
706 733 742 778 ea
756 713 971 778 minutissima
986 733 1128 795 quaeque
1143 715 1238 779 huius
1257 716 1381 800 generis

233 838 326 900 poma
345 824 560 904 prorumpunt.
582 819 619 886 de
645 820 759 902 quibus
782 819 920 904 legimus
945 821 975 884 in
996 820 1136 886 Canticis
1161 821 1379 888 Cantieorum:

231 926 343 991 licus
371 927 564 1008 producit
593 945 759 1010 grossos
789 945 896 992 suos.
924 927 1031 1010 itaque
1060 927 1173 992 ceteris
1198 929 1380 994 albentibus

231 1034 331 1116 primo
356 1053 430 1100 uere
454 1033 604 1118 uirgultis
629 1033 697 1098 sola
720 1033 800 1098 licus
823 1033 949 1116 proprio
973 1035 1075 1098 nescit
1097 1033 1173 1098 flore
1201 1054 1379 1108 canescere.
1413 1063 1427 1101 s

231 1159 267 1206 eo
296 1141 430 1206 fortasse
468 1141 552 1222 quod
584 1140 691 1204 nullus
724 1140 804 1204 istis*
830 1141 983 1205 maturior
1015 1142 1058 1206 sit
1089 1161 1169 1206 usus
1202 1146 1232 1206 in
1267 1145 1379 1225 pomis.

230 1267 365 1328 namque
388 1246 631 1312 succedentibus
652 1247 721 1310 aliis
741 1247 820 1311 haec
840 1247 930 1330 quasi
949 1247 1170 1331 degenerantia
1187 1255 1381 1332 respuuntur

230 1357 262 1417 et
294 1354 394 1419 arenti
426 1353 549 1418 infirma
580 1354 684 1418 radice
712 1354 872 1418 rennuatis
905 1355 1021 1436 quibus
1059 1355 1101 1420 sit
1138 1374 1234 1420 sucus
1271 1357 1381 1420 utilior

229 1463 393 1524 eruuntur.
425 1464 554 1524 manent
585 1465 690 1524 tamen
714 1461 820 1542 aliqua
843 1480 966 1543 perrara
993 1479 1050 1526 nec
1079 1461 1238 1540 decidunt,
1262 1463 1378 1545 quibus
1448 1479 1468 1532 r:

229 1567 281 1631 hie
304 1570 476 1649 prouentus
504 1567 660 1644 amiserit,
690 1571 726 1630 ut
750 1567 787 1630 de
811 1566 916 1631 medio
940 1567 1073 1632 duarum
1096 1569 1256 1653 uirgarum
1281 1571 1378 1634 claui·
1400 1599 1426 1634 ιι»

230 1673 301 1738 culo
321 1673 410 1738 breui
429 1677 613 1756 erumpente
636 1677 847 1758 promergant,
872 1693 934 1755 quo
955 1674 1090 1758 geminis
1109 1677 1192 1738 tecta
1211 1675 1378 1756 praesidiis

228 1789 391 1862 tamquam
424 1784 554 1844 naturae
586 1781 725 1863 parentis
759 1781 878 1864 gremio
908 1781 976 1846 suci
1005 1781 1074 1845 fotu
1102 1781 1253 1863 plenioris
1281 1783 1378 1847 inole-

230 1891 328 1952 scant.
349 1905 386 1951 ea
404 1887 617 1951 clementioris
637 1906 730 1952 arurae
749 1891 921 1969 prouocato
939 1888 1090 1969 temperie
1110 1891 1142 1951 et
1156 1889 1378 1969 prolixioribus

229 1993 386 2058 adultiora
395 1993 592 2074 temporibus
603 1993 658 2058 ubi
670 1994 851 2058 siluestrem
863 1995 1003 2058 animum
1014 1995 1082 2058 suci
1098 1994 1210 2076 prioris
1226 1997 1378 2066 exuerint,

229 2102 333 2184 specie
357 2103 470 2166 ceteris
495 2105 527 2166 et
549 2103 743 2166 maturitatis
768 2103 870 2184 gratia
892 2103 1121 2184 praeferuntur.
1398 2129 1424 2168 ιε»

144 2208 204 2271 163
274 2209 389 2291 Specta
411 2229 493 2274 nune
517 2209 624 2274 cultus
648 2212 680 2273 et
703 2210 824 2274 animos
848 2209 1048 2282 Iudaeorum,
1080 2210 1133 2292 qui
1164 2211 1255 2292 quasi
1284 2211 1378 2294 primi
1444 2234 1465 2286 F

228 2316 351 2380 fructus
366 2318 448 2382 male
462 2316 574 2380 feracis
590 2335 768 2401 synagogae
784 2317 886 2400 grossi
902 2317 1036 2381 labentis
1047 2317 1253 2382 similitudine
1269 2337 1377 2382 conru-

229 2426 328 2500 erunt,
347 2426 383 2487 ut
396 2441 544 2488 mansura
560 2442 654 2506 supra
669 2441 783 2488 aeuum
800 2425 896 2488 nostri
915 2411 1036 2508 generis
1053 2443 1148 2506 poma
1163 2424 1376 2491 succederent.

229 2529 344 2594 etenim
368 2529 489 2613 primus
514 2549 693 2614 synagogae
717 2532 855 2613 populus
885 2531 975 2612 quasi
1003 2530 1107 2596 radice
1136 2550 1266 2613 operum
1294 2531 1375 2596 intir-

228 2657 300 2701 mus
315 2636 470 2700 arentium
485 2637 662 2700 ubertatem
683 2637 856 2717 sapientiae
876 2637 1028 2702 naturalis
1047 2635 1171 2701 haurire
1190 2655 1251 2700 non
1270 2638 1377 2719 potuit
1394 2661 1419 2698 en

228 2749 259 2808 et
282 2743 351 2806 ideo
376 2743 466 2806 uelut
488 2742 609 2806 inutilis
634 2742 751 2806 decidit
775 2743 908 2818 fructae,
933 2747 970 2806 ut
992 2743 1083 2824 qnasi
1102 2761 1137 2806 ex
1157 2741 1258 2806 isdem
1278 2742 1375 2807 claui-

227 2849 307 2914 culis
347 2847 465 2912 arboris
503 2847 684 2912 fructuosae
722 2848 759 2912 de
797 2847 987 2932 pinguedine
1023 2847 1185 2932 religionis
1227 2849 1373 2930 antiquae

226 2975 327 3020 nouus
362 2955 512 3018 ecclesiae
544 2955 683 3036 populus
717 2959 900 3037 emergeret.
938 2974 1011 3037 ergo
1045 2955 1099 3020 ille
1128 2955 1181 3038 qui
1210 2959 1275 3018 erat
1303 2973 1373 3019 esse

226 3061 354 3136 desiuit,
379 3063 415 3124 ut
438 3061 591 3142 inciperet
613 3061 673 3126 iste
698 3061 752 3144 qui
775 3080 835 3125 non
856 3065 932 3126 erat.
951 3061 1045 3142 primi
1063 3064 1167 3126 tamen
1188 3081 1223 3125 er
1242 3061 1372 3126 Israhel.

226 3186 305 3249 quos
334 3171 461 3232 naturae
485 3166 649 3232 ualidioris
678 3187 784 3232 ramus
813 3167 977 3235 extulerat,
1006 3166 1065 3232 sub
1094 3168 1206 3232 umhra
1232 3167 1311 3250 legis
1340 3175 1372 3232 et
1390 3199 1416 3238 aa

226 3275 327 3338 crucis
352 3275 382 3337 iu
406 3274 572 3356 utriusque
597 3273 668 3338 sinu
693 3292 769 3338 auco
795 3273 918 3356 gemino
948 3273 1078 3337 colorati
1106 3273 1210 3356 grossi
1237 3281 1370 3337 mature·
1441 3292 1506 3345 1450

314 3483 377 3536 2et
397 3483 429 3536 1‘2
448 3483 530 3550 Uerg.
551 3481 649 3550 Georg.
669 3481 696 3534 11
717 3483 750 3535 74
769 3499 826 3550 sqq.
864 3484 880 3534 4
902 3480 979 3535 Cant.
999 3483 1024 3548 2,
1047 3483 1078 3535 13
1118 3483 1150 3535 14
1170 3483 1250 3552 Uerg.
1271 3481 1368 3550 Georg.

224 3571 260 3639 ΙΙ,
281 3573 312 3626 51
335 3573 415 3625 ecta
470 3571 701 3636 attraherer

262 3695 716 3760 lnatnrarnP(es.mu23)L
813 3694 1005 3749 detrudereX
1103 3695 1321 3766 delcPLom.
1343 3697 1369 3748 B

224 3791 240 3840 4
259 3803 368 3854 grossus
387 3785 431 3854 1⁴²1
487 3786 502 3838 6
523 3785 584 3840 ideo
604 3784 656 3838 PL
734 3785 919 3838 estimaturior
937 3785 1008 3850 (istie
1026 3803 1048 3838 s.
1069 3785 1120 3838 esti
1138 3787 1194 3851 md)
1214 3785 1242 3838 P
1259 3787 1368 3838 estimat

224 3876 308 3928 uirior
328 3875 351 3928 L
370 3875 450 3928 istius
469 3875 629 3944 maturiorp
667 3875 681 3926 l
698 3889 759 3926 nam
780 3877 841 3939 (om.
858 3877 919 3942 quc)
934 3873 985 3926 PL
1023 3876 1038 3927 9
1059 3879 1205 3926 exuruntur
1218 3893 1236 3944 χ
1250 3879 1275 3928 et
1290 3883 1313 3944 (r
1323 3891 1366 3942 pr.

225 3965 307 4033 crus.)
326 3983 342 4014 π
435 3964 467 4018 10
487 3964 600 4018 caliculo
620 3965 646 4018 P
664 3964 806 4032 (clauicula
825 3966 881 4030 met)
901 3963 954 4016 BL
1042 3965 1074 4018 16
1095 3963 1199 4018 fructus
1219 3964 1298 4032 primi
1317 3963 1367 4016 PL

225 4054 259 4106 18
279 4053 385 4120 aeuum]
406 4069 466 4106 eum
481 4053 533 4107 PL
572 4055 604 4108 19
619 4053 739 4123 priusX
791 4052 986 4106 infirmatusX
1022 4051 1217 4106 21hisdemP
1270 4052 1367 4106 cerulis

224 4141 374 4210 (clauiculis
393 4145 449 4206 m3)
470 4143 497 4196 P
514 4143 624 4197 calerrlis
642 4141 696 4196 BL
764 4143 798 4195 ‘22
819 4141 1008 4211 pinguitudine
1027 4141 1081 4195 BC
1151 4141 1185 4194 23
1204 4142 1364 4210 emergeret]

224 4235 407 4300 sernpergeret
421 4232 448 4284 P
466 4235 581 4301 (seraper
600 4235 749 4300 cnrergeret
763 4233 819 4296 oct)
833 4231 859 4283 L
896 4233 931 4285 24
950 4231 1032 4286 desiit
1044 4231 1074 4284 P
1084 4233 1104 4298 (i
1114 4247 1157 4300 pr.
1174 4247 1207 4285 ex
1220 4247 1234 4286 c
1248 4234 1305 4296 m2)
1315 4229 1365 4282 BL

259 4319 422 4386 istelesseP
457 4318 819 4374 rtualidioresrunosucx
852 4317 1365 4385 '26uraturiscentisP(arcentismt’)L
