3042 4918
273 419 333 484 XII
729 412 947 466 Praefatio.

317 614 427 694 Itaque
452 610 561 694 paucis
586 609 691 674 uerbis
715 613 752 674 ut
776 609 1077 692 comprehendamus
1102 627 1180 691 quae
1209 609 1279 690 ipse
1306 608 1417 672 tabule

273 725 435 802 tamquam
464 736 543 783 uoce
576 717 692 782 emisse
724 717 930 792 demonstret,
962 716 1099 799 primum
1130 715 1333 780 menifestum
1368 717 1418 778 est

274 827 398 892 codices
418 823 512 889 PBL
536 823 664 888 eundem
683 823 835 888 librorum
860 823 1096 906 discriptionem
1120 823 1279 906 praebere,
1300 822 1418 904 quibus

274 934 387 999 elassis
404 931 439 995 X
457 931 572 996 simIIIs
592 934 642 994 est
658 933 787 1013 propter
803 930 901 995 libros
921 931 936 994 I
954 933 986 994 et
1004 930 1035 994 II
1053 930 1085 994 in
1105 949 1201 994 unum
1221 929 1418 1000 coniunctos,

274 1039 440 1106 dissimilis
471 1042 577 1102 sutem
606 1057 641 1102 eo
671 1038 756 1118 quod
782 1038 863 1102 Iibro
892 1037 1001 1120 quinto
1025 1037 1092 1101 sino
1114 1036 1181 1102 ulle
1204 1034 1419 1100 distinctionis

275 1147 364 1230 sIgno
398 1149 520 1210 sentum
554 1144 725 1222 continuat,
759 1163 820 1226 qua
847 1143 878 1208 in
906 1163 939 1209 re
967 1161 1039 1208 eum
1066 1143 1139 1208 iibri
1167 1141 1333 1206 Bobiensis
1361 1141 1420 1221 (A)

275 1255 449 1316 correctore
474 1250 638 1314 consentit.
657 1250 688 1314 in
708 1249 768 1316 hoc
787 1253 893 1314 cutem
912 1251 993 1316 libro
1012 1249 1233 1315 uetustissimo
1253 1247 1419 1312 decurtato

275 1377 348 1422 cum
371 1358 524 1422 librorum
548 1357 579 1421 II
600 1357 648 1420 III
665 1357 728 1421 IIII
747 1357 774 1419 V
795 1357 839 1420 VI
862 1359 986 1422 tentum
1010 1359 1066 1420 eut
1088 1353 1338 1436 subscriptiones
1363 1357 1422 1418 eut

274 1465 496 1547 inscriptiones
519 1464 690 1546 supersint,
715 1463 898 1548 ambiguum
924 1467 973 1528 est
996 1467 1103 1528 utrum
1131 1463 1161 1527 in
1190 1460 1422 1546 posterioribus

275 1571 363 1635 libris
398 1570 606 1635 discribendis
640 1590 711 1636 cum
743 1590 767 1654 χ
799 1590 836 1635 nn
870 1589 941 1634 cum
980 1571 1029 1636 cO
1068 1568 1305 1634 concordeuerit
1341 1567 1422 1632 dum

275 1675 397 1759 integer
419 1677 490 1741 suit.
516 1675 573 1740 sed
596 1675 741 1757 qnoniam
767 1677 878 1741 clessIs
901 1699 924 1761 χ
947 1678 1015 1742 sote
1038 1695 1110 1741 cum
1134 1674 1307 1759 Augustini
1329 1673 1424 1738 testi-

276 1784 391 1848 moniis
417 1782 563 1859 coucinit,
587 1783 639 1846 uix
663 1786 741 1864 puto
762 1783 933 1848 absurdum
953 1787 1003 1848 est
1022 1784 1172 1860 conicere,
1191 1783 1221 1846 iu
1241 1781 1273 1844 Α
1293 1800 1423 1864 qnoque

277 1889 417 1971 exemplo
450 1889 569 1972 optimo
598 1889 672 1952 olim
700 1888 796 1952 istem
823 1889 974 1953 librorum
1003 1889 1242 1953 diuidendorum
1265 1887 1423 1950 rationem

276 1997 449 2062 adhibitam
479 1995 578 2060 fuisse
607 1993 766 2076 simulque
795 2015 860 2058 eem
891 1995 929 2059 ab
957 1995 1026 2078 ipso
1049 1995 1217 2060 Ambrosio
1244 1994 1424 2077 profectam

276 2122 355 2168 esse.
391 2102 524 2183 denique
558 2101 641 2183 quod
674 2100 705 2164 in
738 2100 829 2178 libro,
853 2121 889 2165 ex
920 2121 982 2183 quo
1011 2105 1155 2185 excerpta
1181 2101 1425 2166 Aurelianensis

276 2210 372 2274 dueta
390 2212 475 2286 sunt,
496 2208 562 2273 solo
583 2207 692 2272 eedem
712 2227 791 2290 quae
810 2208 840 2272 in
861 2207 998 2272 editione
1013 2209 1213 2273 Amerbeobii
1233 2208 1425 2273 obseruatur

274 2315 425 2382 librorum
451 2315 613 2398 discriptio
634 2315 804 2392 iuuenitur,
824 2314 855 2378 id
876 2315 963 2378 casui
981 2315 1084 2400 megIs
1104 2313 1304 2378 tribuendum
1323 2316 1423 2396 puto;

276 2443 347 2486 nom
372 2441 444 2488 cum
471 2421 567 2487 editio
591 2421 647 2486 illa
670 2442 686 2485 e
711 2420 818 2486 codice
842 2421 978 2504 quodem
1003 2421 1114 2486 classis
1137 2445 1160 2507 χ
1183 2421 1316 2499 fluxerit,
1340 2421 1425 2484 1ιο11-

275 2529 413 2594 similius
439 2532 488 2594 est
512 2529 665 2594 editorem
689 2528 805 2592 librum
826 2533 948 2592 sertum
967 2531 1095 2611 propter
1112 2528 1245 2592 nimium
1265 2528 1423 2592 ambitum

275 2636 306 2699 in
333 2635 411 2699 dues
436 2639 541 2716 partes
566 2635 742 2700 discidisse.
766 2636 828 2699 iem
853 2655 928 2700 uero
947 2635 1048 2714 uides,
1068 2635 1094 2699 si
1114 2639 1198 2699 recte
1217 2635 1294 2699 ireec
1314 2634 1426 2717 dIspu-

275 2744 354 2824 (tete
380 2745 464 2820 suut,
493 2759 553 2807 nou
580 2741 613 2806 id
640 2743 743 2826 egisse
770 2742 973 2807 Ambrosium
1002 2742 1070 2806 siue
1099 2742 1149 2806 cui
1175 2741 1327 2806 librorum
1359 2740 1428 2805 ista

277 2849 443 2931 discriptio
464 2847 605 2927 debetur,
624 2851 661 2914 ut
680 2867 817 2931 aequum
841 2847 996 2931 quendem
1020 2849 1052 2913 in
1077 2848 1212 2932 singulis
1235 2847 1324 2912 libris
1349 2866 1426 2913 con-

275 2955 446 3020 formandis
479 2955 608 3020 modum
642 2955 832 3020 obseruaret.
866 2957 1004 3020 ceterum
1033 2955 1166 3019 confinia
1192 2955 1344 3019 librorum
1372 2954 1424 3019 III

276 3065 308 3126 et
325 3063 389 3126 IIII
413 3065 506 3144 utque
527 3063 619 3126 VIIII
642 3067 674 3127 et
696 3063 725 3126 X
749 3082 828 3144 queo
852 3064 988 3127 nuncin
1013 3061 1160 3127 omnibus
1182 3062 1273 3126 libris
1297 3064 1425 3127 exstent

275 3168 313 3233 eb
337 3169 406 3250 Ipso
426 3168 593 3233 Ambrosio
619 3167 794 3232 constitute
817 3188 887 3233 esse
907 3173 1028 3233 certum
1047 3172 1097 3232 est
1114 3172 1242 3252 propter
1259 3169 1424 3249 prooemia

275 3276 361 3340 iuste
382 3276 473 3340 libris
497 3275 561 3340 IIII
585 3279 616 3339 et
639 3275 668 3338 X
691 3275 834 3356 praefixa.

319 3383 354 3446 In
375 3382 539 3446 codicibus
559 3381 749 3464 quibusdam
769 3385 891 3465 praeter
909 3382 1060 3447 librorum
1081 3381 1318 3464 discriptionem
1337 3383 1423 3464 cupi-

275 3494 343 3553 tum
368 3508 495 3571 quoqne
516 3488 612 3552 series
631 3493 822 3570 numeratur,
837 3489 875 3553 de
890 3508 952 3572 qne
970 3509 1003 3553 re
1018 3489 1079 3554 elio
1098 3490 1168 3553 Ioco
1188 3487 1344 3571 egendum
1360 3489 1424 3552 erit

273 3595 312 3659 cf.
328 3617 357 3678 p.
373 3593 402 3657 X
420 3593 543 3658 XVIIII
558 3596 645 3677 sqq.).
662 3599 755 3677 etque
769 3595 865 3659 telem
881 3595 1022 3678 capitum
1037 3595 1271 3660 distinctionem
1286 3613 1422 3676 eamque

275 3701 433 3783 duplicem
453 3703 668 3782 (numerentur
686 3703 768 3766 enim
789 3701 946 3786 euangelii
966 3703 1069 3784 cupite
1083 3703 1191 3767 XXIII
1211 3705 1242 3766 et
1261 3702 1421 3767 sectiones

276 3806 361 3872 CVII
385 3807 535 3887 minores)
553 3807 584 3870 in
603 3807 805 3872 Amerbacbii
829 3825 954 3889 quoque
979 3807 1115 3872 editione
1135 3808 1214 3872 scito
1234 3808 1420 3874 0101010111-

276 3912 376 3994 deque
393 3913 496 3996 capite
510 3911 565 3977 ille
580 3911 666 3977 CVII
680 3914 710 3977 iu
725 3914 1093 3997 Eresmieneoeterisque
1104 3915 1297 3980 editionibus
1307 3935 1420 3999 propa·

275 4019 697 4102 getaesse‚donecb1aurini
710 4020 842 4085 molesto
853 4021 908 4084 illo
919 4041 980 4085 usu
996 4021 1146 4106 abrogato
1156 4021 1253 4086 libros
1264 4021 1293 4085 in
1306 4022 1419 4087 sectio-

274 4145 329 4190 nes
347 4126 462 4208 quibus
477 4145 559 4192 nnuc
574 4127 695 4191 utimur·
709 4126 946 4210 discripserunt.
962 4128 993 4191 in
1008 4127 1225 4192 Maurinorum
1240 4131 1346 4192 autem
1362 4149 1418 4193 nu-

274 4233 414 4296 merandi
430 4233 550 4298 ratione
561 4235 706 4299 consulto
722 4234 801 4298 nihil
815 4235 984 4300 nouauisse
998 4238 1120 4318 petrem
1130 4255 1247 4313 meum,
1258 4254 1296 4300 ue
1307 4235 1353 4299 eis
1364 4236 1418 4317 qui

275 4339 334 4404 boc
345 4341 424 4405 libro
437 4341 484 4404 uti
495 4341 613 4406 uellent
623 4340 827 4406 difficultates
838 4341 1042 4420 adferrentur,
1051 4341 1104 4405 niu
1115 4341 1256 4423 estquod
1265 4361 1417 4406 moneam.
