3108 4932
305 439 444 508 Expositis
464 439 599 510 euangelii
617 439 705 494 Lucae
726 439 762 492 VI
780 441 886 495 39-44
905 441 986 507 (1393
1005 441 1135 498 n-1394
1154 443 1196 508 A).
1257 446 1321 510 249

177 633 297 700 refudit
322 634 594 717 tranquillitatem,
627 638 758 700 uentum
787 654 910 700 cessare
942 638 1110 721 praecepit,
1143 657 1204 704 non
1236 638 1323 720 aqui-

178 742 282 806 lonem
304 760 366 805 non
389 741 540 818 Africum,
564 741 619 806 sed
642 742 733 806 illurn
757 741 867 825 utique
891 746 1033 823 uentum,
1058 743 1111 808 oui
1133 744 1324 810 dictumest

179 848 218 914 ab
238 847 349 932 angelo
369 847 507 912 Michael
525 848 556 912 iu
577 849 716 932 epistula
733 849 844 914 Iudae:
864 849 1023 932 imperet
1046 849 1118 914 tibi
1142 851 1323 916 dominus.

179 954 262 1020 uude
292 954 387 1018 etiam
417 958 545 1019 sanetus
573 954 756 1020 Matthaeus
784 955 992 1038 imperauit
1022 956 1127 1038 inquit
1149 961 1263 1023 uento
1288 963 1324 1023 et

147 1062 280 1126 amari.
318 1065 413 1144 atque
445 1062 565 1126 utinam
598 1061 629 1126 in
662 1063 753 1128 nobis
785 1062 880 1128 flatus
913 1063 982 1126 eius
1015 1081 1143 1145 asperos
1177 1065 1363 1130 anniterer:

179 1170 338 1253 dignetur,
356 1174 393 1234 ut
407 1168 573 1234 aestuanti
586 1169 672 1234 uitae
686 1169 793 1234 reluss
805 1169 1020 1251 tranquillitas
1034 1171 1190 1256 pannagii
1203 1175 1324 1236 matum

180 1276 302 1340 demat!
332 1276 393 1340 etsi
419 1275 482 1340 iam
505 1293 565 1340 non
590 1275 726 1341 dormiat
749 1276 799 1340 sui
832 1275 971 1360 corporis
1004 1295 1125 1350 somno,
1154 1297 1324 1344 caueamus

58 1383 107 1446 44
179 1387 285 1448 tumen
305 1401 342 1448 ue
361 1381 462 1448 nostri
485 1381 624 1466 eorporis
649 1401 759 1448 somno
783 1381 875 1446 nobis
900 1382 1036 1447 dormiat
1058 1387 1091 1446 ot
1115 1385 1268 1466 quiescat.
1294 1391 1325 1450 et

181 1488 327 1571 quoniam
362 1505 442 1570 quae
473 1488 543 1554 loeo
577 1489 737 1571 superiore
770 1488 1028 1572 praestrinximus
1061 1489 1219 1554 delibasse
1247 1492 1325 1556 satis

136 1615 164 1658 m
181 1599 241 1672 est,
270 1613 353 1659 nuno
375 1594 450 1677 quia
476 1595 508 1658 in
536 1594 616 1660 libro
645 1593 820 1660 seeundum
849 1593 1048 1659 Matthaeum
1076 1595 1155 1660 duos
1183 1597 1325 1662 homines

180 1701 211 1764 in
234 1700 362 1786 regione
386 1699 616 1766 Gerasenorum
645 1699 817 1764 daemoniis
841 1699 973 1765 adflatos
998 1701 1124 1767 Christo
1149 1701 1325 1767 occurrisse

49 1828 73 1878 s,
90 1823 120 1866 aa
182 1808 403 1892 cognouimus‚
426 1807 478 1872 hio
501 1810 607 1872 autem
632 1790 761 1871 sanutus
784 1807 887 1872 Lucas
911 1827 1010 1872 unum
1033 1807 1156 1873 inducit
1179 1809 1366 1874 eundem-F

182 1934 242 1996 que
258 1913 379 1978 nudum
393 1913 553 1978 -nudus
573 1913 656 1978 enim
677 1916 726 1978 est
745 1913 937 1996 quicumque
957 1917 1177 2000 tegumentum
1195 1918 1326 1980 naturae

181 2039 258 2086 suae
283 2023 315 2084 et
337 2019 467 2085 uirtutis
486 2019 593 2084 amisit
616 2055 659 2066 -
683 2039 746 2101 qua
763 2021 884 2085 ratione
904 2019 941 2084 de
960 2039 1089 2084 numero
1114 2021 1326 2104 euangelistae

136 2149 162 2190 ιι
183 2127 345 2192 dissonare
363 2125 532 2192 uideantur
549 2145 610 2190 non
626 2127 727 2192 otiose
741 2126 1014 2208 praetereundum,
1034 2126 1090 2192 sed
1104 2128 1325 2210 requirendum

183 2233 324 2298 arbitror.
352 2239 384 2297 st
407 2233 534 2315 quidem
557 2233 634 2298 lieet
657 2232 817 2297 discordet
838 2251 998 2312 uumems,
1027 2237 1132 2300 tamen
1161 2234 1328 2300 concordat

182 2339 386 2424 mysterium3
405 2340 455 2404 uir
473 2340 556 2406 eninr
575 2340 637 2404 iste
657 2339 709 2422 qui
729 2339 867 2404 habebat
886 2339 1083 2404 daemonium
1104 2341 1213 2423 populi
1227 2341 1328 2426 figura
1349 2349 1418 2403 1394
1437 2348 1459 2400 Α

184 2445 395 2527 gemuisset,
426 2450 555 2527 opertus
578 2445 679 2522 uitiis,
707 2445 811 2510 nudus
836 2446 941 2522 emori,
969 2449 1080 2528 patens
1105 2446 1237 2511 urimini.
1266 2447 1328 2513 duo

182 2554 232 2618 illi
260 2570 386 2636 quoque
415 2553 562 2618 similiter
588 2552 720 2636 figuram
748 2551 858 2634 populi
882 2552 1013 2636 gentilis
1036 2553 1207 2636 accipiunt,
1232 2573 1329 2636 quon·

135 2682 164 2723 ιο
183 2661 257 2738 iam,
277 2677 349 2724 oum
368 2661 433 2722 tres
456 2658 539 2723 filios
562 2657 630 2722 Noe
654 2658 862 2740 generandum,
887 2657 961 2723 Sem
986 2657 1084 2723 Clrem
1109 2659 1230 2744 Iaphet,
1255 2659 1328 2726 Sem

182 2765 402 2830 tantummodo
421 2764 541 2830 familia
558 2763 590 2828 in
608 2765 843 2846 possessionem
863 2765 986 2830 adscita
1004 2770 1054 2856 est
1073 2766 1132 2830 dei.
1154 2785 1189 2832 ex
1205 2767 1328 2833 duobus

182 2872 248 2936 illis
281 2871 475 2936 diuersarum
508 2871 673 2936 nationum
706 2871 815 2954 populi
848 2871 1055 2954 pullularunt,
1089 2891 1222 2954 quorum
1251 2874 1330 2937 alter

183 2979 383 3056 maledictus,
402 2977 486 3060 quod
505 2977 658 3042 nudatum
677 2981 798 3060 patrem
817 2996 876 3042 non
891 2981 1020 3054 texerat,
1041 2977 1225 3044 benedictus
1240 2979 1329 3055 alter,

276 3238 391 3308 depist.
411 3237 530 3292 Iudue9
603 3236 737 3290 lldatth.
757 3235 782 3304 8,
802 3237 837 3290 26
893 3235 926 3291 10
944 3236 1043 3290 ldatth.
1062 3239 1087 3304 8,
1106 3237 1140 3290 28
1209 3238 1244 3293 20
1264 3237 1331 3293 Gen.

186 3330 211 3390 9,
234 3327 266 3382 18
321 3327 355 3381 23
375 3325 442 3382 Gen.
462 3328 487 3382 9.
507 3327 541 3380 22
561 3343 619 3396 sqq.

222 3451 374 3506 3mioahel
394 3451 421 3504 P
491 3451 612 3504 imario
630 3454 657 3517 (a
677 3451 726 3504 alt.
746 3451 827 3516 eras.)
846 3450 874 3503 P
963 3448 1088 3504 cholbere
1107 3451 1132 3502 A
1207 3449 1333 3505 idemet

186 3543 213 3608 (a
231 3555 252 3594 a.
273 3557 287 3593 e
307 3539 368 3606 alt.)
387 3559 404 3591 α
423 3537 547 3592 demutet
565 3539 595 3592 X
649 3538 665 3592 8
684 3544 797 3608 depost
816 3555 910 3592 somno
930 3543 1117 3606 transponunt
1136 3539 1166 3591 X
1240 3543 1332 3593 nostro

185 3651 204 3699 χ
221 3629 250 3684 in
269 3628 355 3682 nostri
375 3647 393 3680 α
410 3645 465 3681 ιιοιι
483 3629 514 3681 X
585 3627 613 3680 iu
631 3627 710 3681 nobis
729 3647 747 3696 χ
825 3629 841 3682 9
860 3627 997 3696 superiore
1016 3627 1063 3694 (-rl
1080 3629 1137 3692 m2)
1156 3627 1184 3681 P
1201 3629 1332 3696 superiori

187 3719 269 3788 αΟπχ
341 3718 563 3786 praestrinximus
582 3717 664 3770 APB
683 3717 886 3786 perstrinximus
905 3723 952 3771 cat.
1013 3718 1046 3771 13
1064 3717 1145 3770 nudis
1163 3721 1189 3784 (r
1207 3733 1228 3772 s,
1248 3717 1256 3778 i
1276 3723 1333 3782 ιιι3)

187 3807 258 3862 euim
277 3807 305 3862 P
386 3811 574 3876 tegumentum
594 3805 720 3875 1⁰le*
737 3811 762 3859 et
780 3809 807 3874 (u
824 3821 869 3874 pr.
888 3821 921 3859 aa
940 3805 949 3858 i
967 3809 1023 3872 m2)
1043 3805 1070 3859 B
1088 3807 1269 3874 tegimentum
1289 3805 1334 3861 aG

186 3896 376 3952 indumentum
401 3895 443 3962 (in
465 3912 516 3966 mg.
539 3898 587 3948 m3
611 3895 645 3950 al.
669 3895 889 3964 integimentum)
908 3895 935 3947 Α
957 3896 1176 3964 integumentum
1196 3899 1223 3964 (u
1237 3911 1283 3964 pr.
1302 3912 1335 3949 au

186 3985 206 4052 i)
229 3985 253 4040 0
276 3984 485 4053 integimentum
508 3982 532 4038 C
553 3990 578 4038 et
601 3985 621 4051 (i
645 4000 678 4038 em
701 3987 728 4050 ιι)
746 3983 782 4050 F,
807 3983 828 4050 (i
851 3999 884 4036 ex
907 3985 931 4048 e)
955 3983 978 4035 V
1002 3984 1216 4052 integementum
1235 3989 1261 4052 (v
1279 3999 1334 4040 ee

188 4075 238 4130 ult,
257 4077 313 4141 m2)
332 4093 349 4124 rr
389 4073 421 4126 15
440 4071 692 4142 relinquendumX
710 4071 772 4140 (del.
792 4077 818 4124 et
835 4087 857 4124 s.
876 4075 924 4124 m2
942 4069 1132 4140 requirendum
1153 4070 1187 4136 V)
1225 4071 1337 4124 l8anle

188 4163 272 4218 errori
292 4163 358 4216 add.
378 4162 470 4235 gratia
490 4162 517 4213 A
607 4161 642 4214 ‘20
665 4161 759 4231 iaphet
777 4159 832 4214 FO
855 4167 880 4213 at
903 4159 980 4229 (phet
1002 4159 1034 4213 in
1052 4176 1108 4214 rus.
1127 4163 1185 4225 md)
1209 4158 1234 4210 V
1251 4159 1335 4213 iaietln

188 4257 236 4308 asi.
257 4255 297 4320 (et
314 4249 402 4304 iaieth
421 4249 527 4311 Pacui
636 4251 668 4302 21
691 4249 859 4320 possessione
878 4247 986 4301 APBL
1095 4251 1122 4318 et
1142 4265 1173 4301 er
1192 4249 1217 4300 A
1237 4253 1263 4301 et
1282 4247 1336 4300 PB

188 4341 223 4394 23
244 4340 314 4394 alter
331 4337 492 4394 benedictus
511 4338 563 4391 PL
