3108 4932
253 445 318 508 242
728 440 926 498 Ambrosii

250 635 330 701 tiam
361 639 583 719 consequatur.
615 637 750 722 gratiam
779 638 861 703 enim
890 642 920 704 et
948 639 1002 722 qui
1031 639 1135 705 reddit
1160 639 1257 706 habet
1284 644 1317 706 et
1345 641 1398 722 qui

252 745 348 810 hebet
369 743 401 807 iu
426 762 462 808 eo
485 743 556 827 ipso
580 741 665 827 qnod
688 743 783 810 habet
807 745 919 822 soluit;
943 765 1015 811 nsm
1040 749 1072 812 et
1088 746 1246 812 reddendo
1265 746 1400 812 habetur

186 844 228 908 26
254 854 286 916 ct
308 849 449 916 habendo
473 849 663 917 redhibetur.
692 853 725 916 et
746 851 816 917 ideo
841 853 989 944 quonism
1016 853 1096 917 nihil
1120 856 1170 918 est
1197 853 1281 935 quod
1305 853 1398 938 digne

253 959 310 1023 dec
338 957 452 1022 referre
479 953 641 1038 possimus
665 957 809 1040 -quid
836 959 919 1024 enim
946 959 1119 1025 referemus
1147 977 1203 1042 pro
1231 961 1398 1041 susceptae
1464 964 1527 1017 1390

253 1063 353 1129 carnis
371 1061 498 1140 iniuria,
517 1063 593 1146 quid
611 1083 667 1148 pro
686 1063 883 1144 uerberibus,
903 1065 980 1148 quid
998 1085 1054 1149 pro
1074 1083 1166 1130 cruce
1185 1065 1275 1131 obitu
1294 1065 1399 1149 sepul·
1428 1090 1441 1130 s

250 1171 345 1237 turs?
367 1208 410 1216 —
434 1187 493 1236 use
513 1171 600 1252 mihi,
623 1171 652 1236 si
671 1191 731 1237 non
751 1169 902 1238 dilexere!
927 1172 1027 1237 audeo
1048 1172 1162 1249 dicere,
1181 1191 1242 1238 non
1260 1171 1399 1236 reddidit

251 1277 365 1344 Petrus
398 1279 431 1342 et
460 1277 532 1342 ideo
565 1278 638 1362 plus
671 1279 790 1359 dilexit,
827 1297 888 1344 non
920 1278 1059 1343 reddidit
1089 1277 1223 1354 Paulum
1261 1277 1399 1342 reddidit

252 1381 379 1466 quidem
403 1386 538 1449 mortem
561 1403 616 1466 pro
641 1388 752 1463 morte,
777 1385 833 1450 sed
856 1370 918 1450 elie
940 1404 1001 1449 non
1024 1384 1171 1463 reddidit,
1199 1383 1274 1467 quia
1296 1383 1398 1448 multa

252 1489 397 1557 debebat.
421 1490 495 1555 audi
517 1490 624 1573 ipsum
648 1489 806 1556 dicentem
830 1491 905 1574 quia
928 1510 989 1556 non
1012 1490 1166 1556 reddidit:
1191 1491 1273 1574 quis
1296 1489 1399 1573 prior

252 1595 356 1660 dedit
383 1596 455 1674 illi,
484 1599 520 1662 et
547 1599 782 1664 retribuetur
810 1599 864 1664 ei?
891 1597 1060 1663 reddamus
1087 1598 1165 1663 licet
1192 1615 1316 1664 crucem
1340 1616 1396 1680 pro
1418 1620 1442 1658 ro

252 1721 355 1782 cruce,
383 1703 479 1770 funus
506 1724 562 1789 pro
590 1705 709 1784 funere,
737 1705 891 1790 numquid
918 1705 1079 1770 reddimus
1103 1705 1189 1789 quod
1212 1725 1249 1769 er
1270 1705 1340 1787 ipso
1364 1709 1397 1770 et

250 1809 431 1894 peripsum
451 1813 483 1875 et
504 1810 537 1876 in
560 1811 630 1896 ipso
654 1811 808 1878 habemus
828 1813 952 1877 omnin?
975 1811 1144 1876 reddemus
1164 1829 1238 1896 ergo
1258 1829 1394 1876 umorem
1462 1825 1482 1878 B

250 1933 306 1998 pro
349 1916 466 1994 debito,
504 1917 669 1984 caritatem
705 1938 761 2002 pro
803 1937 944 1996 munere,
984 1919 1117 2003 gretiam
1155 1937 1211 2002 pro
1248 1917 1394 2000 pecunie;

250 2024 324 2106 plus
347 2023 432 2089 enim
455 2024 562 2109 diligit
585 2025 636 2092 cui
661 2025 794 2091 donatur
816 2025 962 2107 amplius.

184 2127 225 2190 27
296 2127 358 2196 Sed
380 2135 576 2196 reuertamur
598 2132 638 2196 ad
655 2131 744 2196 illam
763 2131 968 2214 superiorem,
993 2129 1084 2195 ouius
1104 2131 1273 2196 consilium
1292 2129 1395 2195 adhuc
1414 2159 1441 2200 rs
1536 2213 1537 2216 Ἴ

250 2223 307 2302 nec
332 2239 469 2320 apostoli
491 2237 693 2322 intellegunt,
722 2237 806 2320 quod
829 2239 895 2301 erat
917 2236 1137 2302 absconditum
1162 2255 1180 2300 a
1203 2235 1340 2301 saeculis
1362 2236 1394 2300 in

250 2343 323 2419 dco;
348 2343 431 2426 quis
457 2345 552 2408 enim
571 2343 754 2430 cognouit
772 2361 921 2408 sensum
941 2343 1102 2408 domini?
1126 2342 1397 2426 conquerebantur

250 2469 324 2534 ergo
353 2449 502 2533 discipuli
531 2451 605 2533 quia
632 2450 747 2516 mulier
776 2468 871 2534 super
899 2453 995 2532 caput
1022 2449 1134 2515 effudit
1160 2453 1335 2532 ungentum
1364 2457 1397 2513 et

249 2556 460 2638 querebantur
483 2555 640 2622 dicentes:
670 2575 782 2640 quare
806 2557 875 2622 hoc
903 2557 958 2622 sic
986 2556 1108 2640 perit?
1141 2556 1268 2639 potuit
1300 2555 1395 2620 enim

249 2662 456 2728 inenundari
489 2663 611 2745 pretio
645 2667 681 2727 et
713 2663 793 2727 dari
825 2663 1069 2748 pauperibus.
1109 2663 1184 2745 quid
1220 2664 1331 2745 utique
1363 2661 1485 2729 insoc

250 2788 358 2834 eorum
392 2770 589 2835 sermonibus
623 2769 823 2852 displicuerit
856 2789 916 2836 nou
945 2772 1037 2852 potes
1067 2767 1308 2851 deprehendere,
1336 2767 1397 2833 uisi

251 2876 438 2957 mysterium
465 2875 649 2960 intellegam
678 2875 831 2940 luxuriosi
861 2875 944 2940 enim
968 2874 1104 2940 hominis
1127 2875 1181 2939 uel
1203 2875 1312 2958 potius
1335 2894 1396 2939 non

250 2981 388 3046 hominis
412 2985 462 3046 est
485 2982 568 3046 olere
591 2985 800 3066 unguentum.
825 2985 909 3047 certe
933 2981 1050 3064 stipsi
1074 2981 1128 3064 qui
1152 2981 1238 3047 olent
1255 2999 1397 3066 unguere

339 3173 451 3227 9Rom.
472 3174 514 3234 11,
533 3175 567 3227 35
615 3174 646 3227 11
667 3173 743 3226 Rom.
766 3173 806 3242 ll,
825 3174 860 3228 36
912 3173 945 3226 14
964 3172 1028 3227 Luc.
1049 3171 1074 3236 7,
1094 3173 1128 3226 42
1148 3189 1188 3242 sq.
1238 3174 1272 3227 16
1291 3173 1396 3228 Coloss.

252 3263 275 3330 l,
294 3261 328 3316 26
385 3263 416 3316 17
436 3261 513 3316 Rom.
535 3262 576 3330 11,
595 3263 642 3326 34;
663 3262 696 3316 cl.
715 3261 789 3316 Esai.
808 3263 852 3330 40,
873 3263 905 3316 13
963 3263 995 3315 19
1013 3260 1112 3316 Matth.
1131 3263 1174 3330 26,
1194 3263 1210 3316 8
1230 3279 1269 3332 sq.

286 3373 301 3424 1
322 3369 410 3440 gretie
430 3373 458 3438 (11
476 3387 509 3423 ec
528 3387 543 3422 a
560 3369 688 3438 propltio)
709 3369 737 3424 P
807 3369 929 3424 reddidit
945 3371 973 3423 A
1034 3370 1050 3422 2
1069 3367 1206 3423 reddendo
1224 3389 1242 3440 χ
1261 3375 1287 3424 et
1304 3372 1352 3422 m2
1374 3369 1401 3421 V

251 3457 382 3514 credendo
407 3458 433 3512 V
448 3463 490 3512 m1
508 3464 555 3512 cet.
635 3459 651 3511 3
669 3457 828 3512 redhibetur
847 3457 970 3512 APcOL
989 3457 1136 3512 redimetur
1153 3461 1190 3527 (m
1209 3475 1242 3512 ecc
1260 3458 1276 3512 b
1295 3460 1353 3523 m2)
1371 3459 1400 3510 B

250 3547 407 3602 reddebitur
425 3549 457 3601 X
474 3547 503 3613 (d
517 3563 562 3616 pr.
581 3564 603 3604 e.
622 3565 651 3600 ee.
674 3547 705 3609 V,
724 3546 752 3600 bi
770 3565 793 3601 a.
812 3564 840 3600 u.
860 3549 888 3614 c)
907 3546 1030 3600 redditur
1048 3566 1065 3618 χ
1163 3549 1181 3601 4
1199 3553 1326 3618 suscepta
1345 3547 1400 3600 PL

251 3636 333 3706 8pro
353 3641 466 3691 mortem
486 3639 513 3689 A
596 3637 627 3690 ll
644 3643 708 3705 post
726 3637 807 3689 funus
827 3635 892 3690 cdd.
914 3635 1028 3690 cadauer
1046 3637 1077 3689 X
1162 3636 1195 3690 13
1215 3637 1331 3707 gestiam
1350 3653 1400 3706 pro

251 3727 367 3794 pecunia
380 3726 411 3778 X
428 3725 589 3796 (pecuniam,
607 3741 634 3778 m
653 3741 723 3781 eras.
743 3723 775 3787 V,
796 3725 918 3793 pecunie,
938 3742 968 3779 ·s
982 3741 1049 3779 corr.
1065 3724 1108 3792 F)
1127 3727 1243 3794 gretiam
1264 3729 1323 3796 (pro
1336 3742 1401 3779 san-

252 3814 342 3882 guinis
367 3816 471 3886 prsetio
495 3835 516 3869 s.
539 3831 567 3868 u.
591 3817 649 3881 md)
674 3813 789 3884 pecnnia
808 3815 835 3868 A
860 3814 977 3883 gratiam
1001 3831 1049 3883 pro
1069 3815 1202 3883 sauguine
1225 3832 1274 3885 pro
1293 3815 1401 3885 prestio

252 3903 367 3972 pecunie
390 3902 442 3957 PL
465 3903 582 3972 gretiam
606 3920 654 3972 pro
678 3903 819 3970 sanguinis
843 3903 949 3972 praetio
976 3901 1015 3974 Cp(
1040 3904 1156 3973 gretiam
1183 3921 1230 3974 pro
1259 3904 1402 3974 sanguinis

253 3992 341 4061 pretio
360 3992 501 4061 pecuniam
521 3992 567 4045 uB
658 3993 691 4045 14
710 3991 781 4062 plus]
801 3992 918 4063 amplius
941 3993 962 4047 0
1043 3991 1075 4046 17
1096 3981 1151 4046 doio
1167 3993 1225 4048 ET
1243 3993 1288 4047 dm
1307 3995 1337 4046 X
1354 3993 1403 4062 (do

252 4083 299 4134 m3
322 4079 360 4145 V)
416 4079 448 4132 18
468 4077 621 4148 supraAO
675 4079 707 4133 19
728 4080 797 4133 enim
818 4097 868 4134 om.
888 4079 919 4132 X
971 4081 1003 4133 21
1024 4085 1103 4150 potes
1122 4081 1278 4136 Amano
1297 4086 1405 4152 poteris

255 4168 342 4222 Gm2
360 4172 454 4237 potero
468 4167 549 4222 PBL
567 4173 593 4223 et
610 4172 653 4222 ml
668 4167 722 4220 Ao
738 4170 830 4236 potest
849 4173 896 4221 cet.
916 4171 939 4235 (t
958 4169 1007 4222 att.
1028 4186 1086 4238 esp.
1101 4169 1187 4240 1}le
1242 4171 1277 4225 23
1297 4187 1404 4241 ungeu-

254 4261 311 4310 tum
331 4255 359 4310 P
465 4257 551 4325 olent]
572 4257 632 4310 oleo
647 4255 719 4309 PcB
737 4255 828 4309 solent
846 4256 920 4325 1th
936 4259 983 4325 qui
1001 4257 1061 4311 oleo
1082 4275 1110 4312 se
1129 4275 1250 4328 unguere
1269 4260 1359 4314 solent
1383 4264 1409 4316 C

253 4361 285 4398 m
301 4362 352 4414 mp.
