3042 4918
595 405 806 460 Praelatio.
1207 412 1265 476 XV

119 602 304 666 constitutis
318 639 362 648 -
373 601 538 665 Platonem
552 599 647 664 huius
664 599 832 665 diuisionis
847 603 1007 665 auctorem
1022 601 1122 667 luisse
1138 604 1266 668 tradunt

117 709 214 793 Diog.
238 710 344 773 Laert.
368 709 415 773 III
439 710 481 774 83
506 711 538 772 et
561 707 650 773 Stob.
675 707 741 772 tior.
769 711 797 776 1.
823 709 979 789 194(Π1,
1006 711 1108 772 1142
1137 710 1192 794 Η.)
1221 749 1265 758 --

119 835 264 898 quaeque
284 817 361 892 3113,
384 816 424 878 14
445 814 483 878 de
502 815 604 878 tribus
625 813 747 878 animae
766 815 909 897 partibus
929 815 1033 892 refert,
1049 834 1065 878 e
1081 817 1265 898 compendio

119 922 255 1005 quodam
270 921 490 1004 philosophiae
502 921 608 1002 qualia
623 925 690 984 tum
703 922 804 984 multa
816 921 979 986 exstabant
990 941 1060 985 eum
1073 923 1267 1006 prompsisse

117 1029 293 1093 uerisimile
318 1032 377 1104 est,
406 1031 443 1091 ut
470 1027 507 1090 de
536 1026 715 1092 tritissimis
745 1027 946 1110 quibusdam,
971 1027 1063 1091 uelut
1090 1028 1155 1092 illis
1185 1048 1264 1111 quae

119 1135 154 1198 de
172 1135 279 1198 tribus
304 1133 475 1216 sapientiae
499 1133 642 1216 partibus
667 1134 786 1215 profert
804 1134 834 1210 3,
856 1135 874 1197 7
895 1153 974 1216 sqq,
994 1138 1127 1198 taceam.
1148 1154 1164 1199 e
1182 1135 1263 1201 flori-

117 1241 198 1324 legio
235 1241 302 1305 sine
337 1239 432 1304 dubio
465 1239 559 1323 petiit
590 1239 726 1321 lepidam
759 1240 847 1303 illam
885 1241 922 1303 de
960 1240 1126 1304 Theotimo
1164 1241 1264 1306 oculis

116 1346 279 1410 laborante
302 1346 510 1410 narrationem
534 1345 619 1427 (1111,
645 1346 710 1425 64).
737 1345 871 1427 denique
894 1348 1001 1409 utrum
1024 1345 1098 1424 138,
1118 1349 1138 1410 2
1157 1347 1263 1412 uerbis

115 1455 208 1532 pactast
246 1473 334 1532 puer
372 1451 571 1514 machaeram
608 1451 810 1534 prouerbium
847 1451 994 1516 Latinum
1037 1452 1264 1535 significauerit

116 1579 151 1622 an
186 1557 345 1622 Graecum
377 1557 458 1620 illud
492 1557 532 1640 μή
565 1558 649 1620 παιδὶ
681 1552 834 1642 μάχαιραν
868 1557 920 1637 (cl.
953 1557 1085 1642 Diogen.
1109 1559 1201 1622 Pron.
1231 1561 1261 1636 6,

116 1666 168 1744 46)
191 1664 327 1729 liberius
350 1663 556 1728 immutatum
580 1664 672 1745 plane
696 1664 851 1728 incertum
876 1667 933 1729 est.

156 1773 224 1836 Iam
256 1771 284 1836 si
315 1771 355 1834 ad
383 1769 552 1852 scriptores
581 1769 710 1832 Latinos
744 1771 968 1850 conuertimur‚
997 1771 1198 1836 Ambrosium
1230 1773 1261 1836 in

114 1879 172 1944 boc
207 1896 337 1960 quoque
369 1877 449 1942 libm
483 1895 569 1940 more
603 1895 659 1940 suo
693 1875 835 1941 flosculis
866 1897 882 1940 e
910 1877 1052 1961 Vergilio
1086 1878 1262 1960 desumptis

116 1985 287 2050 orationem
308 2003 400 2047 suam
420 2001 583 2048 exornasse
606 2001 621 2045 e
640 1983 781 2047 locorum
800 1982 901 2047 indice
921 2002 1101 2068 cognosces.
1121 1989 1259 2048 ceterum

115 2089 320 2154 memorabile
345 2089 446 2151 estin
472 2089 545 2152 libri
564 2087 656 2152 VIIII
680 2108 722 2152 ss.
753 2090 883 2152 31—33
912 2091 1049 2172 quinque
1073 2090 1259 2156 imitationis

114 2307 174 2366 tres
202 2301 364 2366 Aeneidos
397 2300 484 2364 locos
519 2319 684 2383 expressos
712 2321 790 2366 esse.
818 2303 967 2383 pauciora
995 2321 1030 2366 ex
1060 2301 1173 2368 Ouidio
1207 2305 1257 2367 de-

114 2410 280 2491 prompsit.
314 2407 425 2471 deinde
456 2407 549 2488 plura
580 2410 617 2471 ut
650 2409 732 2471 solet
759 2428 794 2470 ex
823 2407 971 2472 Cicerone
1000 2409 1120 2484 hausit;
1151 2429 1166 2473 e
1196 2429 1256 2492 quo

115 2534 183 2578 num
212 2535 246 2579 re
277 2533 353 2578 uera
380 2515 514 2596 petitum
549 2514 592 2576 sit
624 2515 708 2596 quod
736 2516 811 2584 414.
841 2517 861 2578 4
889 2515 1015 2600 legitur,
1047 2516 1131 2580 haud
1164 2515 1256 2582 facile

114 2621 267 2686 diiudices
293 2622 441 2703 quoniam
461 2621 518 2684 illa
538 2621 670 2685 carceris
689 2622 794 2702 imago
814 2641 872 2685 non
894 2624 997 2685 solum
1018 2623 1102 2706 apud
1121 2623 1254 2706 gentiles

114 2727 164 2789 sea
188 2729 289 2792 etiam
314 2727 395 2809 apud
417 2726 614 2792 Christianos
636 2728 804 2810 scriptores
825 2727 971 2810 frequens
995 2732 1054 2793 est.
1078 2748 1134 2793 nac
1154 2730 1255 2812 magis

113 2839 268 2898 certares
294 2837 343 2897 est
368 2835 397 2909 1,
423 2837 452 2903 8,
478 2853 669 2914 quemqnam
694 2853 773 2914 quae
797 2834 840 2897 ibi
861 2837 984 2898 exstant
1003 2853 1074 2898 cum
1096 2835 1253 2900 Ciceronis

112 2939 214 3004 uerbis
229 2940 331 3004 Acad.
347 2940 371 3018 Ι,
390 2941 431 3002 19
446 2939 678 3021 quodammodo
695 2941 906 3006 consentiunt.
924 2941 1110 3006 imitationis
1131 2961 1254 3025 quoque

57 3075 60 3080 v
114 3043 322 3110 Sallustianae
355 3047 509 3128 quaedam
543 3047 653 3110 insunt
684 3047 715 3109 in
744 3047 903 3111 Ambrosii
932 3067 1024 3130 opere
1057 3049 1118 3111 etsi
1146 3051 1253 3112 tenuia

113 3154 254 3237 uestigia.
285 3171 365 3234 quae
393 3155 468 3228 289,
500 3155 539 3216 19
569 3173 637 3235 sqq.
666 3155 817 3237 legantur
851 3175 866 3217 e
900 3155 1085 3219 collectione
1118 3155 1251 3236 quadam

112 3259 262 3322 tactorum
296 3259 550 3322 memorabilium
584 3259 701 3322 Valerii
733 3259 862 3322 Maximi
900 3259 972 3322 libri
1008 3260 1162 3342 persimili
1200 3261 1250 3325 de·

113 3369 234 3448 sumpta
264 3383 336 3428 esse
365 3384 425 3428 non
455 3365 522 3428 sine
552 3384 645 3428 causa
668 3369 746 3448 puto
771 3365 941 3430 arbitreris.
967 3366 1099 3448 denique
1125 3366 1250 3431 silentio

112 3471 369 3551 praetereundum
385 3491 445 3534 uon
461 3490 531 3535 esse
548 3491 657 3535 censeo
679 3491 715 3535 ea
734 3491 813 3554 quae
833 3471 872 3536 ad
891 3473 1063 3536 naturalem
1084 3473 1248 3538 historiam

112 3583 251 3658 spectant
289 3577 327 3640 ad
355 3577 450 3641 Plinii
483 3577 581 3642 libros
615 3577 684 3641 siue
717 3577 802 3641 aliud
836 3577 975 3642 eiusdem
1011 3580 1134 3662 generis
1169 3599 1248 3662 opus

111 3683 266 3748 referenda
290 3703 370 3747 esee.

661 3929 699 3993 V.

151 4067 377 4154 Hieronymum
404 4071 564 4136 Ambrosii
593 4071 819 4154 expositionem
846 4072 878 4135 in
906 4073 1011 4136 Lucae
1045 4074 1244 4154 euangelium

113 4189 165 4236 non
188 4175 379 4257 adprobasse
402 4177 549 4258 permulti
570 4177 718 4240 Rufinum
743 4177 845 4241 secuti
869 4179 911 4257 (in
935 4177 1026 4260 Apol.
1051 4179 1082 4241 in
1103 4179 1189 4243 Hier.
1214 4181 1244 4244 ll

113 4277 149 4339 ‘22
177 4283 235 4362 sq.)
265 4301 300 4345 ex
328 4283 470 4365 prologo,
505 4301 599 4364 quern
630 4281 775 4366 Origenis
803 4286 834 4347 in
863 4285 970 4348 Lucan
997 4285 1137 4348 homiliis
1165 4306 1183 4350 a
1211 4306 1243 4350 se
