3042 4918
586 425 801 482 Praefatio.
1202 427 1260 490 V11

116 641 186 686 uero
212 625 245 686 et
267 621 406 686 Protesii
429 622 556 687 nomina
579 641 638 687 non
664 625 958 700 commemorantur,
986 623 1054 686 iure
1082 641 1117 686 ac
1146 621 1259 685 merito

117 731 182 793 lhm
221 729 357 813 collegit
394 730 490 794 uerba
527 730 589 794 ista
622 729 823 794 Ambrosium
863 733 933 794 ante
967 730 1100 794 duorum
1132 729 1261 792 illorum

114 842 295 900 sanctorum
311 855 441 918 corpora
456 836 595 912 inuenta,
610 837 642 900 id
663 841 802 900 estante
823 837 964 901 eiusdem
985 837 1057 900 anni
1076 833 1260 914 aestateml)

114 945 257 1007 locutum
292 960 373 1006 esse.
409 941 519 1006 deinde
550 941 619 1018 Vll,
648 943 712 1005 238
740 943 826 1021 (388,
857 943 910 1023 14)
938 941 976 1006 do
1009 941 1195 1023 hymnorum
1229 945 1260 1003 et

115 1049 309 1131 psalmorum
333 1051 426 1112 cautu
450 1047 481 1111 in
506 1047 641 1112 ecclesia
662 1047 810 1112 instituto
835 1047 952 1112 mentio
977 1047 1022 1124 fit,
1048 1065 1141 1128 quem
1164 1065 1259 1110 usum

115 1155 190 1238 ipsis
219 1154 286 1218 illis
316 1154 429 1218 diebus
458 1155 496 1218 ab
525 1155 692 1219 Ambrosio
720 1153 937 1219 introductum
965 1173 1035 1218 esse
1059 1151 1258 1236 Augustinus

115 1264 251 1326 testatur
274 1259 365 1325 Conf.
391 1261 476 1338 VIII,
502 1262 532 1327 7.
560 1263 610 1324 15.

156 1368 309 1451 Inprimis
333 1371 440 1431 autem
460 1368 576 1450 dignus
596 1368 717 1449 estqui
737 1371 881 1431 accurate
901 1367 1095 1430 examinetur
1113 1366 1201 1430 locus
1221 1366 1259 1430 ab

114 1475 215 1540 lhmio
236 1479 269 1538 et
283 1474 482 1538 Rauschenio
501 1473 674 1558 neglectus,
694 1475 726 1537 in
747 1493 808 1555 quo
829 1474 1008 1556 explicando
1025 1491 1125 1555 nuper
1138 1477 1261 1554 praeter

114 1602 176 1646 rem
202 1582 278 1646 lites
302 1581 363 1646 sibi
385 1581 560 1646 intendisse
580 1581 657 1644 mihi
677 1582 824 1645 uidentur
843 1581 904 1646 utri
928 1580 1067 1660 docti10).
1093 1580 1207 1644 etenim
1228 1579 1259 1642 ll

115 1691 155 1752 36
174 1708 221 1770 sq.
242 1690 309 1770 (61,
330 1689 349 1751 6
374 1689 432 1770 sq.)
457 1707 553 1752 censu
578 1688 615 1751 ah
635 1687 782 1772 Augusto
806 1688 965 1763 instituto,
990 1687 1081 1751 cuius
1104 1686 1135 1750 in
1154 1687 1258 1750 Lucae

115 1795 281 1878 euangelio
305 1794 424 1858 mentio
448 1793 495 1872 fit,
519 1795 654 1876 mystica
677 1799 713 1858 ut
738 1794 819 1859 solet
843 1793 1017 1877 explicandi
1040 1793 1160 1856 ratione
1180 1811 1258 1856 usus

112 1901 302 1966 Ambrosius
323 1919 452 1964 censum
468 1902 643 1964 animorum
658 1902 677 1964 i.
693 1920 719 1966 e.
735 1900 960 1984 professionem
975 1899 1048 1964 fidei
1063 1897 1259 1964 Christianae

112 2029 167 2090 per
199 2011 305 2071 totum
340 2007 447 2070 orbem
480 2011 674 2072 crescentem
707 2007 911 2091 praefigurari
948 2007 1115 2072 contendit.
1151 2006 1258 2087 itaque

112 2115 368 2198 euangeliaantes
398 2115 580 2179 censoribus
609 2119 831 2198 comparantur
858 2115 985 2198 (mirum
1013 2115 1044 2179 in
1074 2113 1201 2178 modum
1225 2113 1257 2175 in

111 2220 260 2286 censendi
277 2221 373 2285 uerbo
388 2220 622 2302 interpretando
639 2221 756 2285 errauit
764 2222 896 2300 Jostes),
913 2221 1027 2303 quihus
1043 2218 1258 2302 placidissime

111 2333 142 2392 et
165 2327 338 2391 mitissime
362 2327 564 2392 censentibus
588 2327 609 2390 i.
630 2347 656 2391 e.
676 2327 930 2410 praedicantibus
954 2327 1071 2390 multas
1090 2324 1257 2408 gentilium

111 2433 258 2498 nationes
292 2431 504 2498 Christianam
533 2434 716 2518 religionem
743 2435 902 2517 professes
927 2453 997 2498 esse
1030 2437 1062 2496 et
1084 2435 1258 2512 martyrum

111 2540 268 2624 sanguine
291 2539 429 2622 pretioso
455 2540 655 2605 confirmasse
675 2542 812 2605 laetatur
829 2541 1025 2605 Ambrosius.
1046 2539 1137 2603 cuius
1156 2537 1201 2600 rei
1221 2556 1258 2600 ne

109 2647 256 2728 exempla
284 2645 397 2722 desint,
422 2644 545 2710 Gothos
574 2649 605 2710 et
629 2648 792 2712 Armenios
821 2648 1045 2710 commemorat
1072 2645 1122 2708 his
1150 2643 1257 2708 uerbIs

110 2773 206 2818 usus:
228 2751 340 2815 Gothis
358 2773 421 2816 raon
440 2753 613 2834 irnperolrot
627 2752 800 2834 Λαμπείας,
818 2773 881 2816 non
899 2751 1073 2833 trrrpcrabat
1086 2749 1258 2826 Armentis,

107 2859 287 2942 imperabat
321 2857 476 2923 Christus.
509 2865 692 2939 acceperunt
722 2861 827 2941 utiquc
862 2855 981 2924 Christi
1012 2877 1167 2922 censorem
1203 2857 1259 2934 qni

112 2965 234 3030 Christi
260 2969 421 3049 martyros
447 2963 621 3028 ediderunt.
650 2985 729 3048 quae
758 2965 855 3030 uerba
882 2966 920 3030 ab
945 2965 1110 3028 Ambrosio
1140 2963 1258 3046 scripta

109 3092 179 3138 esse
205 3089 301 3154 posse
325 3075 420 3154 negat
441 3071 550 3136 Jostes
583 3075 633 3154 (ut
665 3072 798 3136 aliorum
831 3072 953 3136 somnia
986 3071 1143 3150 omittam)
1171 3073 1257 3152 port-

110 3199 205 3260 quam
236 3197 345 3242 omnes
373 3197 470 3260 paene
504 3177 602 3243 Gothi
633 3180 794 3244 Audenam
824 3179 918 3244 fidem
951 3178 1084 3261 amplexi
1118 3178 1195 3250 sint;
1224 3175 1256 3238 id

109 3285 194 3366 qnod
227 3283 291 3347 iam
326 3303 361 3348 eo
394 3287 535 3368 tempore
567 3305 628 3368 quo
663 3287 773 3351 Ultilas
807 3287 896 3358 obiit,
929 3286 1054 3352 scilicet
1082 3305 1109 3351 a.
1135 3283 1256 3362 38311)‚

108 3393 231 3456 tactum
266 3409 335 3456 esse
376 3391 550 3456 uerisImile
593 3396 649 3458 est.
692 3397 724 3458 at
759 3393 947 3457 Ambrosius
987 3411 1046 3457 non
1086 3392 1123 3456 de
1161 3391 1256 3454 huius

108 3497 263 3581 temporis
289 3495 414 3574 Gothis,
440 3497 496 3561 sed
520 3497 557 3561 de
582 3498 720 3580 antiquis
743 3500 819 3572 illis,
845 3499 897 3581 qui
921 3500 1133 3582 incorruptam
1161 3495 1256 3560 fidem

108 3605 246 3687 amplexi
271 3609 355 3681 suut,
381 3623 415 3669 se
439 3605 534 3669 uerba
558 3605 659 3670 tacere
688 3606 804 3671 diserte
832 3607 871 3670 iis
901 3625 980 3688 quae
1009 3609 1186 3688 sequuntur
1212 3604 1257 3667 in-

152 3811 172 3880 l)
192 3813 236 3868 Cl.
257 3827 326 3881 quae
345 3811 396 3866 hac
415 3811 449 3865 de
467 3829 496 3866 re
516 3814 639 3882 exposuit
658 3814 800 3868 Rauschen
819 3832 844 3884 p.
865 3815 917 3868 244
936 3813 996 3869 adn.
1016 3814 1041 3866 2,

153 3897 184 3964 ¹⁰)
207 3897 250 3952 Cf.
276 3913 344 3966 quae
364 3899 517 3968 disputarit
534 3899 565 3953 F.
585 3901 677 3954 Jostes
696 3902 724 3954 in
744 3901 934 3956 dissertatione
953 3903 1018 3954 ‘Das
1041 3900 1190 3969 Toderjahr
1209 3901 1255 3954 des

111 3985 204 4041 Ulfilas
225 3985 282 4040 und
302 3987 350 4040 der
369 3987 521 4042 Uehertritt
540 3989 586 4042 der
606 3988 693 4043 (loten
713 4007 772 4044 zum
793 3991 968 4043 Arianismus’
987 3991 1129 4044 annalibus
1150 3991 1195 4060 qui
1214 3991 1255 4042 in-

110 4075 265 4130 scribuntur
283 4075 412 4146 Beitrttge
432 4093 479 4130 zur
494 4077 655 4131 Geschichte
675 4077 722 4132 der
742 4077 888 4132 deutschen
905 4079 1022 4149 Sprache
1037 4079 1092 4132 und
1107 4078 1257 4132 Litteratur

110 4164 161 4218 uol.
179 4165 261 4218 xxu
280 4182 306 4233 p.
329 4165 377 4219 158
397 4183 448 4235 sqq
476 4167 586 4220 inserta.

154 4251 185 4318 ¹¹)
205 4253 247 4308 cf.
274 4269 342 4321 quae
361 4253 404 4306 Fr.
424 4255 587 4308 Kauffmanu
607 4254 699 4308 docuii
719 4257 745 4309 in
765 4257 849 4310 'leste
872 4255 928 4309 aud
947 4256 1190 4325 Untersuchungen
1210 4273 1256 4308 aur

110 4337 356 4408 altgermauischcn
375 4341 675 4412 Religionsgeschichte
695 4343 715 4397 Ι.
734 4363 759 4414 p.
781 4345 840 4398 LXI
858 4333 917 4414 sqq.
