3050 4936
235 437 298 499 496
709 432 908 486 Ambrosii

235 647 361 694 crucem
384 628 504 712 regalia
527 627 719 692 uestimenta
744 627 902 710 deposuit,
926 632 963 693 ut
991 630 1073 693 scias
1101 629 1191 710 quasi
1219 629 1384 694 hominem

235 754 366 818 passum
390 753 471 812 csse,
495 754 555 798 non
581 735 672 817 quasi
696 736 789 799 deum
814 755 931 819 regern,
951 737 1012 799 etsi
1031 739 1201 817 utrumque
1221 735 1383 811 Christus,

235 842 326 924 quasi
354 842 514 906 hominem
543 847 659 918 tamen,
687 861 748 907 uon
778 843 869 924 quasi
897 841 991 906 deum
1016 843 1101 907 cruci
1125 862 1195 906 esse
1219 841 1382 906 suffixum.

235 949 291 1012 sed
325 949 443 1013 milites
476 968 537 1013 non
566 949 675 1013 Iudaei
708 949 814 1013 sciunt
847 967 908 1030 quo
940 955 1093 1032 tempore,
1123 949 1228 1030 qualis
1252 948 1381 1014 Christo
1452 955 1468 1009 t*
1511 931 1512 1010 i

235 1059 429 1120 uestimenta
443 1056 642 1120 conueniant.
657 1057 774 1120 iudicio
791 1055 881 1138 quasi
891 1055 995 1120 uictor
1003 1056 1139 1123 adsistit.
1151 1057 1190 1119 ad
1199 1057 1383 1137 passionem
1417 1079 1430 1118 ε
1511 1081 1512 1158 q

235 1165 396 1244 tamquam
420 1181 493 1226 reus
517 1161 647 1226 humilis
672 1163 768 1226 uenit.

148 1263 211 1326 109
280 1269 371 1333 Nunc
395 1269 541 1352 qnoniam
567 1273 729 1350 tropaeum
755 1271 818 1334 iam
837 1269 988 1346 uidimus,
1009 1288 1134 1333 currum
1155 1288 1249 1332 suum
1269 1269 1383 1333 trium·

235 1376 349 1456 phator
372 1375 522 1440 ascendat
545 1395 602 1439 nec
625 1377 771 1440 arborum
794 1376 915 1440 truncis
936 1377 992 1440 aut
1011 1375 1208 1458 quadriiugis
1228 1375 1382 1456 plaustris

235 1481 401 1546 manubias
427 1481 464 1545 de
488 1482 614 1546 mortali
639 1483 731 1547 lroste
755 1482 925 1564 quaesitas,
952 1481 1006 1546 sed
1030 1482 1174 1564 patibulo
1194 1483 1382 1564 triumphali

236 1589 364 1670 captiua
397 1587 434 1651 da
469 1589 595 1654 saeculo
629 1589 732 1670 spolia
760 1588 943 1670 suspendat.
973 1607 1034 1652 nou
1063 1588 1113 1652 lric
1142 1587 1294 1652 reuinctis
1322 1607 1382 1670 pos
1403 1613 1430 1651 ιο

235 1699 360 1778 tergum
397 1695 554 1759 bracchiis
592 1699 701 1778 gentes
743 1715 800 1759 nec
843 1695 1016 1759 excisarum
1059 1694 1182 1758 urbium
1223 1695 1383 1778 imagines

236 1801 487 1883 oppidorumque
524 1807 687 1884 captorum
722 1803 890 1866 simulacra
922 1802 1079 1866 ceruimus
1118 1805 1172 1864 aut
1209 1801 1383 1866 summissa
1447 1803 1469 1854 D

236 1911 400 1991 captorum
437 1928 548 1992 regum
585 1908 666 1972 colla
703 1909 864 1984 miramur,
903 1909 1005 1990 qualis
1048 1907 1255 1971 humanorum
1299 1907 1384 1971 solet

236 2033 307 2079 csso
344 2014 466 2096 species
502 2014 746 2095 triumphorum,
784 2033 840 2078 nco
873 2015 1025 2078 uictoriae
1057 2013 1208 2077 terminos
1241 2013 1382 2096 regionis

235 2121 295 2184 lina
320 2120 497 2198 distinctos,
526 2121 582 2185 sed
611 2125 741 2186 ouantes
771 2121 905 2203 populos
937 2121 1099 2185 nationum
1128 2120 1290 2201 quaesitos
1319 2141 1380 2184 uon
1402 2147 1428 2184 rs

237 2228 275 2292 ad
309 2228 513 2311 supplicium,
548 2228 604 2291 sed
637 2227 676 2292 ad
708 2228 894 2310 praemium,
927 2247 1018 2311 reges
1055 2227 1164 2292 liberis
1203 2225 1381 2290 adfectibus

237 2335 413 2412 adorantes,
451 2334 638 2399 uoluntariis
676 2335 771 2398 urbes
809 2334 923 2398 studiis
963 2335 1084 2398 deditas
1123 2337 1155 2397 et
1190 2333 1222 2396 in
1264 2333 1382 2397 melius

236 2441 420 2506 reformatas
452 2442 607 2524 imagines
636 2441 834 2524 oppidorum,
865 2459 942 2521 quas
970 2461 1030 2505 nen
1060 2439 1152 2504 fucus
1181 2441 1381 2521 expresserit.

236 2547 291 2612 scd
316 2547 443 2612 deuotio
473 2547 661 2611 colorauerit
689 2533 773 2625 fidei,
803 2565 890 2610 arma
917 2547 1187 2628 uictoriarumquc
1214 2546 1284 2610 iura
1312 2548 1381 2610 toto

236 2655 309 2718 orbe
325 2653 491 2730 currentia,
508 2655 670 2736 captiuum
684 2654 859 2736 principem
874 2653 984 2716 mundi
999 2655 1031 2716 et
1046 2651 1201 2734 spiritalia
1220 2651 1381 2734 nequitiae
1400 2679 1426 2715 ro
1451 2653 1468 2704 E

236 2779 316 2842 quac
345 2763 420 2825 suut
447 2760 478 2823 in
508 2760 699 2824 caelestibus
729 2759 929 2824 oboedientia
956 2760 1076 2842 inperio
1100 2760 1189 2824 uocis
1213 2759 1381 2836 humanae,

236 2867 379 2930 subditas
417 2867 646 2932 dominationes
684 2867 907 2948 uariarumque
944 2867 1101 2930 uirtutum
1144 2866 1277 2948 species,
1320 2885 1381 2928 non

235 2973 355 3050 sericis,
380 2973 434 3036 sed
459 2974 600 3038 moribus
625 2973 805 3038 emicantes.
831 2973 935 3056 fulget
958 2972 1100 3048 castitas,
1130 2972 1206 3036 tides
1235 2971 1382 3053 splendet

235 3082 267 3142 et
298 3079 410 3143 induta
442 3081 553 3144 mortis
587 3081 708 3144 exuuiis
743 3080 869 3144 deuotio
903 3079 1098 3144 fortitudinis
1131 3079 1194 3142 iam
1231 3079 1382 3161 resurgit.

234 3204 317 3250 unns
332 3186 382 3250 dei
397 3187 576 3270 triumphus
591 3187 668 3251 iecit
687 3207 796 3252 omnes
817 3206 911 3270 prope
930 3187 993 3251 ium
1013 3187 1156 3250 homines
1174 3185 1381 3268 triumphare,
1401 3207 1427 3246 aa

323 3409 358 3462 20
376 3411 475 3480 Ephee.
495 3413 519 3475 6,
541 3412 572 3462 12
610 3412 643 3463 22
663 3411 766 3468 Coloss.
787 3413 812 3474 2,
834 3413 865 3464 15
902 3410 1053 3468 2511001.
1075 3413 1101 3478 2,
1123 3412 1167 3476 14,
1184 3410 1288 3466 Coloss.
1304 3412 1331 3478 2,
1347 3413 1382 3464 15

270 3537 285 3586 5
305 3535 421 3589 adsistat
439 3535 466 3587 P
484 3537 527 3602 (it
544 3539 600 3603 1112)
621 3555 638 3587 α
750 3537 766 3588 6
786 3542 875 3590 tamen
895 3540 1033 3604 tamquam
1056 3535 1110 3590 GT
1127 3541 1217 3589 tamen
1238 3537 1315 3604 quasi
1336 3535 1381 3605 Εγ

234 3625 248 3677 7
268 3625 409 3693 tropheum
428 3625 487 3676 ΒΧ
504 3629 530 3694 (v
548 3641 570 3678 a.
590 3642 605 3677 a
624 3629 651 3690 π)
671 3625 787 3694 trophea
808 3625 902 3694 CEqT
954 3627 970 3677 8
990 3624 1194 3695 quadrigaiugic
1214 3625 1244 3676 X
1261 3637 1307 3694 (ga
1327 3624 1380 3680 del.

233 3717 280 3766 nr2
302 3713 332 3780 0,
350 3714 364 3766 l
383 3713 520 3782 quadrigis
539 3731 562 3768 a.
580 3717 628 3766 m2
645 3719 672 3780 π)
693 3714 832 3782 quadrigis
851 3713 904 3766 PL
994 3714 1121 3782 plaustris
1140 3717 1163 3781 (s
1184 3713 1232 3768 all.
1252 3714 1335 3780 eros.)
1353 3715 1382 3766 P

232 3804 348 3871 plaustri
362 3803 393 3855 X
446 3805 462 3856 9
481 3803 559 3856 lrostc
580 3805 606 3869 (e
625 3820 658 3858 en
677 3805 685 3856 i
704 3807 760 3870 m2)
775 3804 802 3856 P
853 3804 884 3856 10
904 3803 1053 3873 suspendat
1073 3809 1138 3856 uerte
1156 3803 1266 3871 captiua
1285 3811 1380 3857 trous·

229 3899 341 3958 ponunt
359 3893 389 3944 X
459 3892 522 3946 hinc
541 3891 620 3946 PBL
693 3899 754 3962 post
773 3891 872 3946 nBFL
942 3891 1127 3945 recolenti>
1181 3893 1212 3946 15
1232 3889 1381 3945 distinctus

232 3983 274 4049 (us
294 3997 326 4034 cx
345 3989 385 4045 os)
406 3981 433 4033 P
487 3981 518 4033 16
537 3983 610 4050 regis
629 3981 757 4034 Paccii
775 3990 828 4047 tes
848 3998 915 4035 corr.
931 3980 979 4034 rtV
996 3987 1021 4035 ct
1039 3985 1086 4034 rn2
1104 3985 1206 4048 regem)
1258 3981 1290 4033 18
1309 3981 1379 4033 ima·

233 4069 324 4137 ginem
343 4073 378 4136 (m
398 4070 447 4122 all.
467 4071 499 4123 in
516 4086 572 4124 rus.
591 4071 649 4140 ond)
673 4069 831 4139 oppidorum
852 4075 877 4123 io
893 4087 937 4138 pr.
957 4071 988 4123 ira
1007 4071 1074 4138 rua.)
1093 4069 1120 4122 P
1225 4067 1330 4122 fructus
1349 4068 1382 4120 X

232 4157 267 4210 20
287 4160 424 4226 captiuum
442 4159 470 4212 P
492 4163 520 4227 (u
540 4177 584 4227 pr.
607 4175 628 4213 a.
649 4161 688 4226 u.)
708 4161 826 4228 cuptium
846 4159 871 4212 L
926 4160 960 4212 25
981 4159 1059 4212 unius
1083 4159 1102 4221 (i
1120 4175 1141 4211 s.
1161 4159 1200 4228 u.)
1219 4177 1236 4210 π
1260 4156 1332 4210 unde
1352 4157 1379 4210 L

268 4248 403 4315 triunphis
426 4250 453 4314 (v
476 4263 498 4302 s.
522 4249 531 4300 i
556 4249 614 4310 ult.)
638 4249 666 4300 P
692 4247 884 4315 triumplrisL
974 4247 1225 4317 triunrplratoresp
1254 4247 1277 4315 (i
1304 4263 1333 4299 re
1355 4263 1379 4298 s.

232 4339 305 4386 tores
324 4335 362 4393 E,
