3112 4936
239 441 301 502 156
710 439 907 492 Ambrosii

235 632 329 697 bolus
345 631 497 696 mundum
519 630 627 694 fraude
642 629 814 708 concutiat,
838 632 916 696 totis
932 631 1051 694 saeculi
1067 636 1186 714 pugnet
1199 632 1380 710 inlecebris,

236 739 305 802 eius
329 737 388 801 tibi
411 736 582 801 blanditiae
612 737 685 820 plus
714 735 880 802 cauendae.
912 757 973 803 non
996 737 1098 802 Euam
1126 737 1216 803 oibus
1243 738 1381 822 flexerat,

235 863 295 909 non
330 843 549 909 mandatorum
582 843 773 908 destituerat
809 843 940 919 obliuio,
978 843 1035 908 sed
1072 845 1221 928 promissi
1253 845 1381 912 honoris

235 951 366 1016 ambitio
391 949 588 1015 inlecebrosa
606 949 741 1034 decepit.
776 969 856 1032 quae
880 951 907 1016 si
930 953 1035 1016 solnm
1063 951 1225 1016 dominnm
1254 953 1382 1018 adorare

235 1057 403 1135 uoluisset,
435 1057 575 1122 indebita
603 1077 663 1122 non
693 1057 881 1140 quaesisset.
916 1061 949 1122 et
975 1057 1047 1122 ideo
1075 1057 1248 1123 remedium
1278 1057 1381 1136 datur,
1413 1081 1426 1121 a

236 1183 298 1246 quo
314 1163 414 1228 telum
430 1163 612 1228 ambitionis
628 1162 796 1242 obtundas,
820 1167 857 1228 ut
871 1163 932 1228 soli
948 1163 1073 1229 domino
1089 1164 1280 1242 seruiamns;
1297 1170 1383 1230 earet

235 1271 318 1335 enim
343 1271 515 1336 ambitione
538 1271 689 1355 religiosa
713 1271 852 1338 deuotio.

168 1381 211 1446 35
278 1378 327 1441 Et
363 1383 638 1442 consummate
680 1379 783 1442 omni
824 1378 1068 1443 temtationo
1101 1378 1292 1444 diabolus
1325 1398 1379 1442 re·
1446 1395 1466 1448 n

158 1503 180 1558 r,
194 1485 366 1548 recessit
389 1485 433 1548 ab
458 1485 533 1550 illo
558 1503 684 1566 usque
709 1484 755 1549 ad
777 1489 948 1566 tempus.
980 1503 1078 1568 prope
1103 1485 1243 1551 omnium
1275 1485 1379 1550 orimi-

234 1611 309 1656 num
326 1591 429 1656 t'ontes
442 1591 520 1656 haec
534 1592 595 1654 tria
609 1610 722 1676 genera
738 1591 993 1657 demonstrantur
1006 1611 1076 1656 esse
1092 1591 1259 1668 uitiorum:
1278 1611 1381 1675 neque
1401 1617 1428 1656 ιο

236 1699 318 1762 enim
356 1700 607 1763 consummatam
643 1717 768 1764 ornnem
800 1699 1019 1763 temtationem
1054 1697 1210 1780 scriptura
1241 1697 1382 1776 dixisset,

235 1805 296 1869 nisi
320 1805 351 1869 in
375 1805 425 1868 his
449 1805 552 1869 tribus
576 1809 663 1870 esset
686 1806 827 1870 omnium
856 1807 987 1870 materia
1013 1805 1213 1882 delictorum,
1247 1823 1381 1888 quorum

236 1912 357 1975 semina
379 1912 411 1975 in
435 1911 505 1993 ipsa
528 1912 648 1996 origine
678 1917 753 1976 sunt
776 1912 922 1976 cauenda
955 1912 1026 1976 finis
1055 1931 1130 1996 ergo
1158 1912 1381 1977 temtationum

234 2019 306 2082 finis
330 2022 380 2083 est
402 2018 625 2102 cupiditatum,
646 2019 720 2102 qnia
744 2037 858 2084 causae
877 2019 1099 2084 temtationem
1123 2037 1236 2084 censae
1260 2017 1380 2103 cupidi·

235 2129 339 2189 tatum
363 2127 446 2189 sunt.
471 2143 584 2190 causae
608 2129 715 2190 autem
739 2125 949 2208 cupiditatum
977 2129 1052 2190 sunt
1075 2127 1177 2190 carnis
1198 2123 1378 2200 oblectatio,
1401 2131 1466 2187 ret*

235 2233 358 2314 species
378 2232 507 2316 gloriae,
532 2231 668 2297 auiditas
688 2232 856 2314 potentiae.
882 2251 975 2314 quam
995 2231 1179 2315 religiosum
1199 2231 1327 2296 uidetur
1344 2239 1382 2297 nt

236 2338 503 2403 conmorationem
528 2337 724 2404 Christianae
757 2339 891 2403 feminae
921 2357 981 2403 non
1010 2341 1154 2403 recuses!
1188 2339 1245 2403 aed
1272 2339 1381 2403 crebra

236 2443 310 2507 inde
333 2444 490 2512 temtatio.
523 2443 551 2508 si
581 2443 725 2509 adtentos
755 2443 812 2508 deo
841 2443 956 2508 uiderit
983 2443 1139 2520 diabolus,
1173 2443 1319 2530 suggerit
1344 2449 1381 2509 ut

237 2549 389 2632 decipiat,
414 2551 470 2614 sed
488 2553 524 2614 tu
544 2551 691 2632 quamuis
714 2549 751 2613 de
770 2550 932 2632 proposito
951 2569 1146 2632 praesumas,
1170 2569 1247 2615 caue
1269 2555 1382 2616 temta-

236 2657 353 2720 tionem
379 2657 482 2722 soiena
507 2660 659 2722 naturam.
689 2657 767 2720 haec
789 2657 859 2732 tria,
885 2657 912 2720 si
935 2657 1117 2733 recorderis,
1142 2657 1236 2722 etiam
1259 2657 1426 2723 Paulusne

236 2762 376 2826 cantanda
398 2763 602 2846 praescripsit
629 2763 797 2848 designans
825 2767 890 2827 tres
920 2781 990 2828 esse
1018 2763 1140 2846 species
1167 2768 1379 2846 peecatorum,

236 2888 253 2932 a
285 2869 400 2950 quibus
427 2869 508 2934 liber
536 2873 715 2952 exspectato
748 2869 891 2934 iustitiae
924 2889 1080 2935 coronam.
1117 2889 1243 2952 neque
1276 2869 1378 2936 euim

234 2975 338 3057 inquit
365 2976 403 3039 in
431 2977 554 3041 uerbo
584 2976 840 3042 adulationis
869 2976 1023 3041 fuimus
1051 2996 1179 3060 neque
1206 2978 1243 3042 in
1273 2996 1379 3043 occa-

235 3083 348 3146 sione
381 3083 595 3160 auaritiae,
636 3083 734 3148 deus
768 3083 894 3149 testis
932 3086 1004 3161 est,
1043 3103 1170 3166 neque
1207 3083 1377 3168 gloriam
1446 3095 1528 3150 rotat

235 3193 480 3272 quaerentes
505 3189 547 3254 ab
573 3190 816 3268 hominibus,
842 3194 874 3254 et
896 3189 967 3255 ideo
992 3190 1153 3255 diabolum
1178 3191 1267 3268 uicit,
1292 3209 1378 3256 ooro-
1397 3213 1423 3250 re

167 3302 210 3367 36
235 3317 306 3361 nam
330 3296 457 3379 petiuit.
490 3296 581 3360 uides
606 3315 679 3379 orgo
704 3297 809 3380 ipsum
834 3297 995 3361 diabolum
1024 3317 1085 3362 non
1114 3315 1184 3361 esse
1211 3297 1242 3361 in
1272 3295 1378 3361 studio

323 3507 357 3558 22
376 3505 404 3558 II
422 3505 490 3559 'l'irm
510 3505 536 3572 4,
555 3507 580 3568 8,
600 3505 613 3558 Ι
632 3506 725 3560 Thess.
746 3506 771 3573 2,
791 3508 807 3560 5
827 3522 866 3574 sq.

272 3629 390 3684 ltotius
409 3631 439 3682 X
492 3629 678 3683 ablanditiae
697 3633 722 3692 (e
742 3631 823 3696 cros.)
842 3629 869 3682 P
940 3629 1059 3683 cauenda
1079 3633 1121 3684 est
1135 3629 1186 3683 PL
1239 3629 1376 3685 4inleoe·

233 3719 313 3772 brusa
332 3723 372 3783 (sa
390 3735 411 3771 a.
430 3721 469 3784 o.)
488 3719 515 3771 P
609 3722 625 3772 5
645 3723 673 3772 et
692 3718 814 3771 indebita
833 3717 891 3770 LX
983 3719 999 3772 6
1019 3719 1120 3772 seruies
1139 3719 1213 3788 ΕγΤ
1228 3719 1329 3772 seruies
1351 3717 1376 3773 G

236 3811 264 3860 ll
288 3811 473 3860 consummata
491 3809 571 3876 (tam
587 3807 670 3875 nov)
683 3809 755 3860 omni
771 3811 887 3875 (ornnem
903 3808 940 3874 B)
960 3807 1139 3877 temptatione
1154 3809 1247 3877 uBXy¹
1285 3809 1317 3863 13
1332 3825 1376 3862 oa·

233 3895 321 3949 uenda
341 3901 404 3948 sunt
423 3895 453 3947 X
508 3897 539 3949 17
560 3913 653 3950 conme
665 3942 668 3966 ,
682 3897 857 3949 morationem
877 3899 929 3964 (nro
949 3899 1029 3962 eras)
1048 3897 1075 3950 P
1093 3897 1383 3950 commemorationum

233 3985 281 4036 nt*
300 3988 352 4052 (me
373 3984 423 4038 del.
443 3989 491 4038 4ηι2
514 3985 549 4051 V)
568 3986 808 4040 commorationem
823 3985 878 4040 FO
950 3986 1077 4055 cristianp
1097 3987 1116 4053 (i
1137 3985 1186 4038 ait.
1205 4001 1238 4038 ee
1252 4003 1266 4038 e
1280 3989 1337 4051 nr2)
1351 3986 1379 4039 P

234 4075 267 4128 lo
287 4074 426 4142 proposito
446 4079 472 4142 (o
489 4089 533 4142 pr.
552 4074 584 4126 in
601 4076 668 4140 ras.)
689 4074 716 4127 P
734 4075 887 4144 praeposito
906 4075 938 4127 X
976 4075 1010 4128 20
1025 4063 1071 4128 eos
1090 4074 1186 4143 paulus
1205 4074 1233 4126 P
1266 4075 1297 4128 21
1315 4089 1376 4142 pre·

233 4162 340 4216 scribsit
360 4167 386 4231 (p
406 4179 427 4216 c.
441 4179 469 4215 u.
484 4165 540 4228 m3)
554 4163 583 4216 P
598 4161 773 4232 praescribsit
791 4167 813 4230 (s
834 4163 883 4216 ott.
901 4179 923 4215 e.
942 4165 981 4228 ιι.)
1005 4162 1030 4215 V
1047 4161 1207 4231 praescribit
1224 4161 1247 4214 0
1281 4163 1315 4216 22
1331 4177 1374 4214 ex·

232 4253 352 4322 pectntio
375 4251 402 4304 L
426 4257 566 4322 expectato
590 4257 616 4320 (o
641 4257 721 4318 erras.)
740 4251 788 4304 nV
810 4255 934 4322 expectat
952 4253 997 4322 Βχ
1104 4253 1140 4305 23
1162 4251 1252 4321 inquit
1276 4267 1326 4303 om.
1345 4251 1377 4302 X

269 4341 427 4396 occansione
447 4347 474 4412 (n
489 4360 533 4412 pr.
554 4347 635 4408 eras.)
655 4343 681 4395 P
748 4344 781 4397 25
801 4345 832 4395 ut
851 4342 884 4396 ab
905 4359 922 4393 α
940 4347 965 4396 et
983 4345 1024 4410 (ut
1043 4347 1124 4407 eros.)
1144 4340 1172 4395 P
1241 4340 1328 4394 uincit
1346 4338 1377 4392 X
