3108 4932
249 473 313 534 310
730 467 926 520 Ambrosii

246 665 358 744 linqui,
396 681 469 727 cum
505 663 677 746 unicuique
714 662 757 727 sit
795 661 974 726 subsidium
1008 659 1196 744 paenitendi.
1232 665 1394 743 postremo

247 769 347 853 aperit
379 771 515 835 caeleste
552 769 750 853 mysterium,
788 769 872 851 quod
904 769 1060 851 placuerit
1092 769 1150 833 deo
1184 771 1221 833 ut
1251 767 1395 851 paruulis

246 875 348 960 magis
372 895 466 958 quarn
490 876 699 958 prudentibus
721 875 817 940 istius
835 875 947 940 mundi
966 894 1056 939 suam
1076 875 1210 958 gratiam
1229 874 1394 938 reuelaret.

246 983 331 1066 quod
354 983 518 1064 apostolus
542 982 662 1046 Paulus
690 981 763 1046 stilo
792 982 931 1064 pleniore
960 979 1095 1066 digessit
1124 981 1247 1046 dicens:
1276 998 1395 1044 nonne

246 1089 406 1154 stultam
444 1088 538 1153 fecit
575 1088 665 1153 deus
704 1088 931 1170 sapientiam
969 1089 1081 1152 huius
1124 1087 1272 1152 mundi?
1313 1105 1395 1150 nam
1428 1111 1442 1148 a

246 1197 419 1277 quoniam
451 1195 486 1259 in
521 1195 580 1259 dei
613 1195 802 1278 sapientia
835 1214 904 1260 non
939 1195 1119 1278 cognouit
1147 1193 1207 1258 hic
1235 1193 1395 1258 mundus

246 1321 310 1384 per
334 1302 564 1384 sapientiam
589 1301 706 1378 deum,
730 1302 877 1384 placuit
896 1300 963 1365 deo
982 1319 1047 1384 per
1066 1300 1276 1366 stultitiam
1296 1317 1396 1380 prae-

180 1415 222 1479 66
248 1408 455 1472 dicationis
480 1409 609 1472 saluos
633 1409 756 1472 facere
780 1407 987 1474 credentes.
1016 1407 1187 1490 paruulum
1218 1425 1292 1490 orgo
1316 1405 1396 1469 ecci·
1463 1426 1487 1479 p

246 1515 382 1598 piamus,
417 1515 471 1597 qui
499 1534 533 1579 se
562 1515 697 1579 exaltare
725 1533 786 1578 non
813 1514 939 1578 nouerit
970 1517 1001 1578 et
1028 1513 1169 1578 faleratis
1198 1511 1397 1577 sermonibus

247 1624 345 1686 artem
361 1640 435 1686 suae
454 1621 571 1686 iactare
590 1621 785 1703 prudentiae,
805 1621 888 1702 quod
908 1621 1090 1704 philosophi
1108 1619 1249 1704 plerique
1264 1621 1395 1686 faciunt.
1416 1643 1443 1680 lo

247 1729 399 1811 paruulus
429 1731 495 1792 erat
524 1728 578 1810 qui
602 1727 694 1791 dixit:
724 1727 879 1804 domine,
908 1747 976 1791 non
1000 1727 1166 1792 exaltari
1191 1745 1397 1792 cormeum

248 1853 364 1916 neque
394 1834 487 1898 elati
516 1838 602 1897 sunt
630 1833 731 1897 oculi
759 1833 830 1897 mei
863 1853 983 1916 neque
1017 1835 1213 1918 ingressus
1246 1854 1326 1899 sum
1360 1835 1394 1897 in

248 1941 395 2025 magnis
420 1960 537 2023 neque
557 1941 592 2004 in
612 1940 853 2006 mirabilibus
880 1960 991 2023 super
1014 1961 1079 2006 mc.
1104 1945 1136 2005 et
1154 1945 1191 2006 ut
1210 1941 1308 2006 scires
1328 1961 1396 2024 par-

249 2049 362 2112 uulum
385 2047 468 2112 hunc
492 2066 552 2111 non
577 2051 690 2125 aetate,
715 2066 775 2111 non
800 2067 895 2112 sensu
918 2049 1031 2125 fuisse,
1060 2048 1117 2112 sed
1139 2049 1320 2112 humilitate
1344 2049 1395 2111 sui

249 2160 281 2219 et
318 2155 452 2238 quadem
490 2154 698 2218 declinatione
735 2153 913 2230 iactantiae,
951 2153 1090 2218 addidit:
1129 2154 1193 2220 sed
1230 2154 1395 2218 eraltaui
1416 2175 1442 2216 rr

250 2261 405 2326 animam
436 2279 562 2325 meam.
597 2259 687 2324 uides
721 2279 815 2342 quam
848 2262 990 2326 excelsus
1024 2261 1121 2324 luerit
1152 2260 1203 2325 hic
1230 2261 1394 2342 paruulus,

250 2371 364 2451 quanto
384 2369 541 2431 uirtutum
562 2366 710 2432 sublimis
729 2367 871 2432 uertice?
891 2368 970 2431 tales
989 2385 1046 2431 nos
1065 2367 1215 2448 paruulos
1235 2369 1308 2431 uult
1325 2387 1396 2432 esse
1465 2385 1486 2438 Ε

247 2475 423 2559 apostolus,
453 2493 526 2539 cunr
550 2474 642 2538 dicit:
671 2473 810 2557 siquis
835 2473 989 2538 uidetur
1012 2474 1163 2557 sapiens
1189 2493 1271 2538 esse
1296 2474 1396 2538 inter

247 2601 316 2648 uos
332 2583 367 2646 in
382 2583 451 2646 hoc
466 2581 631 2658 saeculo,
647 2582 792 2646 stultus
807 2581 888 2657 fiat,
902 2585 942 2645 ut
957 2581 1009 2644 sit
1026 2583 1189 2664 sapiens3
1205 2581 1396 2664 sapientia

248 2691 343 2755 euim
367 2689 480 2752 huius
505 2687 650 2752 saeculi
675 2687 848 2752 stultitia
871 2690 929 2750 est
952 2691 1042 2769 aput
1066 2687 1184 2752 deum.
1412 2707 1440 2746 ao

181 2801 220 2864 67
290 2794 525 2860 Pulcherrimus
554 2793 730 2859 conectitur
758 2793 795 2858 dc
824 2793 884 2858 fide
911 2794 1012 2871 loona,
1047 2795 1171 2876 quando
1200 2795 1305 2859 omnia
1334 2795 1394 2859 sibi

158 2903 364 2976 ruartradite
391 2901 470 2966 dicit
497 2921 515 2964 a
542 2903 630 2984 petre
663 2921 731 2966 suo.
766 2919 837 2964 cum
871 2901 992 2966 omnia
1019 2901 1111 2984 legis,
1145 2901 1393 2984 omnipotentem

248 3009 406 3094 agnoscis,
430 3027 490 3073 non
519 3007 706 3085 decolorem,
736 3025 796 3071 non
826 3007 1010 3090 degenerem
1041 3008 1155 3089 patris:
1185 3027 1256 3072 curn
1280 3007 1395 3072 tradita

248 3116 339 3202 legis,
357 3115 458 3178 lilium
478 3113 645 3192 confiteris,
665 3114 716 3178 cui
735 3117 951 3196 peracturum
972 3115 1076 3178 omnia
1091 3115 1183 3179 unius
1199 3113 1393 3178 substantiae
1466 3129 1485 3182 F

250 3223 317 3287 iure
337 3223 401 3286 sint
417 3221 551 3305 propria,
571 3239 632 3284 uon
652 3219 732 3284 dono
753 3220 875 3284 conlata
894 3239 949 3303 per
968 3221 1112 3304 gratiam.
1137 3221 1270 3285 addidit:
1291 3239 1393 3285 nemo
1413 3238 1441 3277 aa

253 3331 326 3394 scit
354 3329 438 3411 quis
467 3332 524 3392 est
552 3328 658 3391 filins
687 3327 763 3390 uisi
791 3331 897 3408 pater
925 3330 960 3392 at
988 3327 1071 3409 quis
1101 3331 1158 3392 est
1186 3333 1292 3410 pater
1322 3326 1394 3391 nisi

343 3588 475 3642 succan.
497 3589 590 3656 11,25
659 3585 946 3656 41Cor.l,20sq.
1018 3588 1228 3656 llPs.130,l
1301 3587 1394 3642 rurs.

256 3679 315 3747 130,
335 3680 351 3731 2
443 3678 474 3730 17
495 3677 574 3744 Verg.
595 3677 662 3731 Aen.
682 3675 764 3730 VlllI
783 3677 836 3730 682
856 3675 930 3743 (Hor.
951 3675 1038 3730 Cerrn.
1058 3677 1134 3743 136)
1209 3677 1241 3730 18
1261 3676 1274 3730 1
1293 3677 1351 3732 Cor.
1370 3678 1395 3743 3,

256 3769 289 3821 18
309 3785 348 3837 sq.

292 3929 309 3980 4
328 3927 448 3997 pleniore
467 3930 510 3994 (ur
527 3943 549 3980 s.
568 3926 612 3980 lan
632 3927 687 3991 nr2)
707 3926 733 3977 A
751 3925 866 3995 pleniori
884 3943 902 3995 χ
921 3928 973 3993 (-re
991 3930 1039 3979 nr2
1056 3925 1095 3989 Ε)
1167 3928 1182 3979 5
1202 3925 1269 3980 deus
1287 3926 1353 3980 fecit
1370 3925 1400 3978 Χ

258 4018 274 4070 6
294 4015 338 4070 dei
357 4015 517 4084 sapientiam
536 4015 575 4082 (in
594 4019 657 4078 om.)
677 4015 707 4066 X
760 4015 775 4067 7
796 4013 875 4068 dcun
895 4031 945 4068 om.
967 4016 996 4068 X
1062 4015 1185 4069 stultiam
1203 4017 1230 4068 Α
1250 4015 1398 4069 stulticiam

258 4107 293 4175 (ei
311 4121 332 4159 s.
351 4107 389 4170 a.)
408 4105 435 4156 P
481 4105 510 4157 ll
533 4107 575 4156 est
594 4103 741 4157 exaltatum
760 4103 840 4155 PBL
860 4103 1007 4156 exaltatum
1026 4103 1057 4155 X
1074 4107 1127 4170 (est
1144 4121 1165 4160 s.
1185 4121 1211 4157 a.
1231 4103 1263 4169 Ο)
1308 4105 1340 4158 12
1359 4105 1399 4156 in·

203 4227 207 4234 ·
260 4210 366 4264 gressus
386 4193 455 4261 sum]
477 4191 614 4245 ambulari
627 4189 679 4243 PL
718 4191 750 4242 14
765 4207 813 4244 sua
826 4189 931 4244 PBCL
970 4193 1001 4244 15
1021 4189 1128 4244 addidit
1148 4189 1200 4258 (dit
1219 4191 1283 4248 cdd.
1304 4193 1401 4258 m3)A

263 4284 293 4338 17
313 4281 415 4335 uertice
434 4285 458 4348 (e
473 4297 519 4349 pr.
538 4297 571 4334 ese
590 4281 608 4346 i)
628 4277 655 4331 P
729 4278 763 4332 20
783 4279 894 4348 saeculi]
913 4279 1006 4332 mundi
1028 4279 1079 4332 UT
1153 4280 1184 4332 21
1206 4280 1401 4350 pulcherrimus

261 4373 288 4440 (h
307 4389 328 4426 a.
347 4388 374 4424 u.
393 4373 450 4436 nr3)
468 4370 496 4423 P
549 4371 583 4422 ‘23
602 4367 730 4423 traditam
750 4368 837 4437 legem
858 4368 912 4422 filio
931 4368 958 4422 P
975 4369 1017 4436 (tn
1035 4385 1087 4436 quo
1107 4385 1176 4422 corr.
1196 4370 1253 4439 m2)
1271 4368 1325 4422 BL
