3108 4932
287 398 428 469 Expositio
448 399 585 469 euangelii
603 399 692 454 Luase
711 400 749 454 VI
770 401 874 456 16-20
893 402 973 470 (1337
993 403 1123 458 s-1338
1144 404 1186 472 Ε).
1251 408 1316 472 239

167 594 349 661 extersit
377 597 410 660 et
432 595 566 660 fortasse
588 595 659 660 ideo
683 613 744 660 non
767 595 848 661 lauit
872 597 969 679 pedes
998 617 1073 664 suos
1098 599 1256 678 Christus,
1279 604 1316 667 ut

167 719 221 766 eos
248 701 389 766 lacrimis
417 720 474 767 nos
501 701 658 767 leuemus.
691 703 790 768 honae
817 703 977 787 lacrimae,
1006 723 1086 787 quae
1116 725 1177 771 non
1210 710 1364 773 solumc

165 811 310 874 nostrum
337 812 472 893 possunt
503 811 610 875 lauare
643 809 807 888 delictum,
841 811 898 876 sed
925 812 1019 878 etiam
1047 813 1137 878 uerbi
1166 815 1315 880 caelestis

164 915 267 999 rigare
294 916 480 1000 uestigium,
508 920 546 980 ut
572 935 702 1002 gressus
730 917 762 980 in
790 917 880 984 nobis
910 917 978 983 eius
1007 919 1186 985 exuberent.
1214 921 1316 987 honae

133 1021 325 1099 alacrimae
362 1023 393 1086 in
432 1022 549 1105 quibus
586 1041 645 1088 non
679 1023 783 1088 solum
817 1025 971 1090 redemtio
1008 1029 1220 1109 peccatorum,
1258 1027 1315 1092 sed

165 1128 261 1194 etiam
292 1129 450 1194 iustorum
482 1129 613 1195 refectio
646 1133 708 1206 est3
742 1131 820 1196 iusti
847 1131 929 1196 enim
957 1151 1018 1197 nox
1052 1135 1114 1198 est:
1148 1134 1316 1199 fuerunt

164 1235 263 1300 mihi
286 1235 480 1302 lacrimae
503 1255 611 1302 meae
635 1237 764 1320 panis.

47 1338 91 1401 19
208 1343 279 1408 sesi
307 1343 346 1408 ad
374 1345 470 1427 caput
498 1342 615 1408 Christi
642 1343 792 1409 adcedere
821 1363 882 1410 non
911 1348 1012 1428 potes,
1041 1349 1152 1430 tangat
1177 1347 1314 1430 pedibus

164 1449 231 1515 suis
246 1454 342 1534 caput
357 1453 449 1516 tuum
466 1449 620 1516 Christus.
641 1453 673 1514 et
690 1450 815 1516 fimbria
833 1455 923 1516 curat
941 1453 1010 1517 eius
1030 1455 1062 1516 et
1080 1453 1178 1535 pedes
1194 1458 1313 1519 curant.

118 1579 146 1620 ιο
165 1557 303 1640 expande
332 1557 475 1641 capillos,
505 1561 608 1623 sterne
637 1561 708 1624 ante
737 1577 809 1622 eum
839 1578 947 1624 omnes
975 1559 1025 1624 tui
1049 1561 1188 1644 corporis
1213 1561 1313 1645 digni·

163 1667 257 1728 tates.
287 1683 348 1728 non
375 1663 551 1729 mediocres
580 1664 688 1748 capilli
717 1669 801 1744 sunt,
831 1665 885 1748 qui
913 1669 1048 1749 possunt
1070 1665 1167 1750 pedes
1190 1670 1313 1752 tergere
1332 1671 1362 1725 l>

165 1769 294 1835 Christi.
317 1771 454 1834 testetur
475 1770 536 1835 hoc
559 1770 625 1848 ille,
654 1770 709 1853 qui
738 1770 890 1852 quamdiu
919 1771 1051 1853 capillos
1079 1772 1201 1848 habuit,
1230 1773 1314 1839 uinci

162 1876 316 1959 nequiuit.
348 1876 482 1960 denique
515 1878 547 1942 et
578 1876 743 1942 mulierem
777 1877 974 1942 decaluatam
1006 1896 1093 1942 orare
1121 1898 1182 1944 non
1211 1878 1312 1945 decet.

162 1981 279 2047 habeat
309 1983 401 2064 plane
434 1983 576 2067 capillos,
610 1983 725 2066 quibus
757 1982 875 2050 Christi
904 1984 1137 2050 circumuoluat
1162 1987 1312 2070 uestigia,

117 2109 144 2150 ιε
163 2089 280 2172 quibus
299 2108 375 2155 suae
395 2090 554 2155 criniculis
574 2089 820 2174 pulchritudinis
841 2096 874 2156 et
892 2089 1014 2157 decoris
1030 2091 1202 2174 sapientias
1216 2093 1313 2177 pedes

162 2199 295 2282 tergeat,
312 2201 351 2261 ut
369 2200 505 2262 extremo
525 2197 638 2263 saltem
659 2197 785 2263 diuinae
804 2215 872 2261 rore
891 2197 1022 2264 uirtutis
1041 2203 1217 2277 umescant,
1236 2200 1313 2285 figat

162 2301 305 2367 iustitiae
328 2303 463 2386 pedihus
492 2303 614 2369 oscula¹
630 2323 698 2368 sua.
727 2323 787 2369 non
816 2303 984 2369 mediocris
1012 2304 1089 2369 haec
1117 2307 1223 2372 meriti
1251 2311 1310 2384 est,

43 2407 88 2470 20
164 2409 202 2474 de
225 2429 288 2492 qua
312 2413 418 2492 potest
441 2410 544 2476 dicere
568 2411 739 2492 sapientia:
764 2429 803 2474 ex
828 2429 899 2494 quo
923 2411 1076 2489 intrant,
1100 2431 1170 2477 non
1190 2431 1310 2480 cessa·
1335 2427 1361 2482 lt

32 2535 99 2590 ars
163 2515 221 2580 uit
249 2517 415 2582 osculari
447 2518 559 2601 pedes
592 2535 704 2596 meos,
737 2521 775 2582 ut
803 2517 889 2582 aliud
917 2517 979 2582 nisi
1007 2518 1194 2601 sapientiam
1222 2521 1311 2604 loqui

114 2645 144 2686 so
162 2621 294 2698 nesciat,
322 2626 360 2688 ut
382 2623 468 2688 aliud
492 2625 553 2691 nisi
576 2624 734 2689 iustitiam
759 2623 890 2708 diligere
914 2624 1044 2702 nesciat,
1074 2627 1111 2690 ut
1139 2625 1225 2691 aliud
1249 2627 1311 2692 nisi

162 2727 343 2794 castitatem
374 2730 472 2794 libare
505 2731 635 2808 nesciat,
673 2733 711 2794 ut
743 2729 829 2795 aliud
861 2730 922 2794 nisi
954 2731 1141 2815 pudicitiam
1175 2735 1310 2798 osculari

162 2835 291 2900 nesciat.
324 2837 468 2902 osculum
497 2838 581 2902 enim
609 2837 713 2902 mutui
742 2837 858 2902 amoris
885 2837 1039 2903 indicium
1073 2841 1131 2918 est,
1164 2841 1313 2905 osculum

161 2941 277 3026 pignus
303 2945 353 3007 est
375 2943 526 3008 caritatis.

251 3221 335 3274 crs.
358 3221 444 3288 41,4
552 3220 654 3276 9an
679 3222 704 3288 8,
727 3222 763 3274 44
874 3221 1134 3286 reluctaturi
1236 3224 1304 3279 131

163 3309 384 3380 Cor.ll,5sq.

199 3433 345 3487 lextersit
363 3433 471 3487 APBL
488 3434 569 3487 tersit
587 3439 634 3490 cet.
734 3435 884 3504 3possunt
901 3437 1023 3488 nostrum
1043 3435 1073 3488 X
1166 3436 1260 3490 deins
1280 3437 1312 3489 in

159 3521 240 3577 nobie
263 3522 316 3577 CX
386 3521 515 3576 exuberet
532 3522 643 3577 PBLX
689 3523 836 3577 traiectio
858 3529 900 3577 est
918 3524 1048 3578 iustorum
1067 3523 1125 3578 ET
1196 3529 1238 3578 est
1257 3526 1300 3579 alt

159 3627 211 3666 om.
231 3609 284 3663 PL
379 3611 394 3663 7
413 3627 497 3681 panes
514 3611 590 3679 ΑγΧ
607 3617 632 3664 et
652 3612 700 3675 (-is
720 3615 799 3678 corr.)
823 3611 848 3664 T
949 3617 1014 3679 posi
1033 3612 1110 3681 panis
1130 3611 1195 3668 add.
1216 3611 1259 3665 die
1280 3617 1312 3666 et·

158 3701 277 3770 noctep
369 3698 403 3752 10
422 3698 652 3770 omnesAcBVp
672 3715 778 3753 omnem
797 3698 868 3754 Fon
888 3700 975 3752 onmis
995 3705 1041 3754 cet.
1133 3701 1174 3753 tui
1193 3715 1214 3757 s.
1233 3717 1261 3754 a.
1280 3701 1308 3754 A

197 3785 359 3856 dignitatem
378 3785 422 3839 La
441 3793 466 3840 ei
484 3791 538 3853 (sm
556 3787 587 3840 in
604 3789 672 3855 rae.)
696 3787 722 3840 V
739 3787 883 3858 dignitatis
902 3787 955 3843 FO
1011 3789 1041 3842 11
1062 3791 1169 3858 tergere
1188 3788 1270 3859 pedes
1290 3809 1310 3861 χ

161 3879 195 3931 14
215 3881 244 3930 et
261 3874 362 3930 habeat
380 3876 411 3928 X
481 3875 677 3930 circumucluat
695 3880 723 3944 (u
742 3882 800 3931 lert.
819 3893 841 3931 a.
860 3879 899 3944 a.)
919 3877 946 3930 P
1036 3877 1069 3930 lh
1087 3893 1152 3932 snae
1171 3879 1308 3933 criniculis

158 3963 371 4035 pulchritudinis
388 3965 437 4032 (-is
452 3981 485 4018 ex
499 3981 541 4018 -cs
555 3966 593 4031 Δ)
614 3968 642 4018 et
660 3964 764 4019 decoris
778 3961 925 4035 ΑαΒΟΧχ
944 3965 1069 4035 pulchros
1090 3969 1118 4020 et
1133 3967 1243 4020 decoros
1254 3967 1311 4021 PL

160 4055 193 4108 16
217 4055 326 4122 tergeat
348 4053 467 4124 ΡαΕγΤ
487 4058 512 4108 el
535 4057 560 4121 (e
585 4053 634 4107 all.
658 4058 739 4120 erce.)
763 4053 817 4108 Ao
838 4057 930 4124 tergat
952 4054 1012 4107 ΒΧ
1032 4056 1125 4124 terget
1147 4058 1174 4124 (a
1191 4073 1213 4112 s.
1233 4059 1258 4126 c)
1282 4056 1311 4111 G*

195 4141 286 4195 saltim
306 4141 463 4212 BmLTX
537 4141 607 4211 figat
626 4159 660 4212 αχ
679 4143 766 4210 figant
784 4161 801 4193 rr
821 4147 849 4209 (n
868 4147 938 4211 esp.)
959 4148 1006 4199 cet.
1099 4143 1129 4196 17
1150 4143 1260 4198 obscula
1279 4145 1307 4210 (b

158 4232 241 4298 erae.)
261 4229 288 4282 P
358 4229 392 4283 20
412 4229 531 4299 dilegere
550 4230 578 4283 P
666 4231 698 4283 21
719 4230 835 4284 liubare
854 4230 898 4296 (ha
918 4231 1000 4299 crue.)
1019 4233 1046 4283 A
1140 4232 1175 4287 23
1195 4233 1307 4302 pignus]

158 4316 314 4388 signan
