3042 4918
566 401 783 456 Praefatio.
1069 407 1249 472 XXXVIIII

109 594 198 658 etiam
226 595 331 658 multa
358 593 471 658 habere
500 597 625 677 propria
653 617 732 678 quae
761 618 916 680 nusquam
946 601 1021 664 alibi
1045 601 1250 665 inueniuntur

109 699 157 767 I'cf.
177 703 228 779 62,
251 703 304 778 15,
324 701 360 763 ia
379 721 413 764 co
432 699 626 778 cloeccrsorim·
645 705 697 781 80,
721 707 759 770 16
777 709 868 785 paler
885 711 989 770 caestor
1007 711 1051 770 cst
1069 707 1250 784 Adrobricam

109 807 156 884 83,
189 809 231 872 23
265 809 435 890 sopitalem
467 811 542 888 253,
569 811 610 874 13
642 809 768 874 domum
800 813 923 896 aliaque
956 813 1080 898 multa).
1114 815 1248 896 denique

110 915 307 980 memorabile
341 919 391 978 est
423 934 439 978 e
476 915 573 980 uariis
605 917 806 994 lectionibus,
840 938 918 1000 quas
956 920 987 984 in
1025 921 1105 986 locis
1144 940 1250 986 sacrae

109 1021 277 1103 scripturae
305 1021 401 1085 huius
430 1023 533 1104 operIs
560 1022 632 1086 libri
661 1023 817 1101 exhibent,
842 1025 904 1090 etsi
930 1027 1025 1110 longe
1053 1026 1248 1108 plurimaee

110 1129 232 1212 uulgato
267 1131 356 1193 textu
388 1129 577 1212 inrepserint
609 1127 766 1213 (inprimis
791 1131 822 1196 iu
847 1132 942 1196 classi
964 1132 1011 1219 χ),
1040 1137 1145 1198 tamen
1175 1153 1249 1198 non-

110 1237 205 1300 nullas
234 1256 251 1300 e
281 1237 420 1300 uetustis
448 1235 648 1300 nersionibus
677 1237 794 1319 petitas
822 1238 931 1302 uideri.
961 1239 1051 1304 cuius
1079 1241 1124 1306 rei
1148 1259 1249 1304 enem-

110 1343 189 1424 plum
212 1342 507 1408 luculentissimum
533 1345 635 1408 exstet
657 1344 732 1421 322,
759 1346 810 1420 10,
834 1344 889 1408 nbi
912 1345 943 1408 in
966 1343 1054 1409 Aac
1079 1346 1147 1408 Ioco
1170 1367 1249 1426 pieac

109 1469 164 1512 uon
186 1450 301 1514 habeat
323 1469 440 1530 operam
463 1447 514 1533 (ut
533 1449 637 1526 corb,
657 1449 771 1516 Veron.
792 1455 824 1514 et
842 1449 998 1534 Vulgatae
1019 1451 1095 1516 Cod.
1116 1452 1148 1517 S.
1168 1452 1249 1515 Mar-

109 1556 161 1620 tini
183 1555 404 1633 Turonensis),
428 1555 505 1640 inp(
533 1556 706 1622 secundum
735 1557 899 1641 uulgatum
928 1557 996 1621 loco
1024 1559 1188 1638 inoperoso,
1217 1559 1249 1622 in

110 1662 236 1728 PBLX
260 1682 337 1728 uero
366 1661 434 1726 loco
460 1661 557 1725 amco
584 1683 663 1747 perne
690 1683 755 1726 ooo
781 1661 893 1726 babere-t
921 1685 1037 1745 opicum
1065 1664 1193 1748 legitur.
1217 1667 1250 1728 at

109 1771 173 1851 quis
196 1790 258 1835 non
283 1767 373 1833 uidet
395 1768 475 1832 hauc
499 1768 687 1850 scripturam
711 1769 789 1833 satIs
813 1769 924 1834 miram
944 1788 961 1834 e
981 1771 1135 1852 scriptura
1159 1771 1247 1834 codd.

109 1875 187 1940 Aa&
204 1896 278 1941 cum
297 1875 433 1940 lectione
453 1874 541 1940 codd.
556 1875 650 1952 BrIr,
667 1874 824 1947 Cantaba,
841 1875 942 1954 colb,
962 1875 1087 1956 Veron,
1108 1877 1162 1959 qui
1182 1877 1250 1940 loco

110 1981 199 2046 arida
222 1981 380 2061 exhibent,
400 1982 612 2046 contaminata
631 1985 731 2046 ortam
755 1985 847 2046 esse?
872 1982 917 2046 sic
938 1985 1012 2059 255,
1040 1985 1078 2046 17
1099 1981 1159 2046 αΧ
1176 2003 1249 2048 cnm

111 2089 275 2155 Veronensi
306 2091 338 2152 et
365 2087 547 2154 Corbeiensi
574 2109 650 2152 aare
677 2092 781 2170 clepo
808 2089 968 2170 praebent,
992 2089 1038 2152 eic
1062 2090 1137 2167 216,
1162 2091 1204 2154 20
1227 2113 1250 2174 χ

111 2216 175 2260 cum
200 2195 384 2262 GorbeIensi
411 2195 443 2258 in
472 2195 629 2276 scripture
654 2199 755 2258 amics
781 2199 826 2258 cst
848 2199 876 2257 ct
899 2193 981 2258 dicit
1004 2196 1172 2278 conspirat,
1197 2197 1250 2260 nel

114 2300 173 2365 PX
195 2323 269 2368 curu
294 2302 469 2367 Veronensi
493 2303 545 2381 73,
570 2303 590 2365 9
613 2303 645 2366 in
669 2303 825 2384 scriptura
852 2303 903 2364 cni
930 2321 1041 2364 cronaca
1064 2306 1141 2369 erat.
1167 2303 1248 2366 unde

111 2407 241 2490 adparet,
270 2409 324 2473 ubi
356 2409 519 2474 codicibus
552 2409 583 2472 in
616 2409 758 2474 diuersas
795 2413 899 2492 partes
930 2409 1166 2472 discedentibus
1196 2409 1249 2472 alii

111 2533 175 2580 cum
198 2521 309 2581 uetere
337 2515 471 2597 quadam
499 2515 642 2580 uersione
671 2516 724 2580 alii
753 2535 825 2579 cum
854 2515 987 2598 uulgato
1011 2517 1098 2579 textu
1124 2533 1249 2580 concor-

112 2619 188 2698 dant,
217 2643 280 2688 non
309 2641 434 2705 semper
460 2623 625 2706 uolgatam
652 2623 821 2686 lectionem
850 2627 886 2686 nt
913 2625 1026 2704 postea
1048 2622 1178 2685 inlatam
1203 2641 1249 2684 re-

112 2730 279 2808 spuendam
305 2748 385 2793 esse.

151 2835 195 2899 De
222 2835 439 2901 Manriuorum
469 2835 617 2908 editione,
647 2836 738 2900 ouius
766 2836 900 2919 pagiuae
932 2835 963 2898 in
997 2835 1093 2898 huius
1126 2854 1249 2916 quicque

112 2941 278 3007 uoluminis
303 2941 497 3026 marginibus
517 2941 672 3006 indicatae
691 2945 776 3016 sunt,
796 2942 859 3006 iam
879 2945 967 3024 pater
987 2959 1076 3005 meus
1102 2940 1254 3004 disseruit

112 3047 169 3110 uol.
196 3049 211 3111 I
238 3069 269 3132 p.
298 3047 461 3112 LXXVIII
489 3067 558 3130 sqq.
587 3049 627 3112 cI.
655 3053 817 3130 praeterea
846 3066 925 3129 quae
954 3047 991 3110 de
1020 3045 1252 3128 autiquIssImis

112 3152 299 3219 editionibus
324 3155 466 3236 exposita
488 3158 562 3220 sunt
584 3174 655 3238 pag.
679 3155 786 3218 XXIII
810 3154 879 3220 adn.
906 3155 958 3217 23.

153 3260 215 3324 lem
231 3262 332 3326 restat
345 3263 382 3324 ut
396 3261 492 3324 huius
512 3260 659 3324 edItionis
679 3261 744 3324 data
763 3260 903 3325 breuiter
922 3279 1073 3324 enarrem.
1095 3258 1252 3324 Carolus

115 3363 272 3432 Schenkl
301 3385 371 3430 cum
396 3385 475 3430 anno
500 3367 564 3432 fere
585 3349 953 3432 MDCCCLXXXXVIII
977 3385 1011 3430 ee
1035 3365 1073 3428 ad
1094 3363 1253 3428 Ambrosii

114 3469 140 3532 iu
162 3472 267 3538 Lucan
293 3472 552 3556 commentarium
575 3472 802 3536 recensendum
827 3471 1028 3553 adplicasset,
1054 3470 1158 3553 specie
1179 3469 1254 3532 scri-

114 3581 272 3658 pturemm
292 3597 369 3660 quas
389 3577 448 3642 PL
466 3577 616 3662 praebent
635 3579 786 3660 deceptus
805 3579 902 3642 uerba
926 3577 1087 3659 scriptoris
1112 3575 1150 3638 ad
1171 3575 1254 3639 codi-

115 3702 180 3748 cum
203 3687 331 3752 illorum
352 3685 572 3750 auctoritatem
592 3687 753 3766 tamqnam
774 3685 812 3748 ad
831 3685 957 3748 unicam
977 3701 1116 3748 normam
1138 3682 1254 3744 cousti-

116 3793 195 3857 tuere
224 3794 380 3874 coeperat.
405 3811 475 3855 mox
500 3811 601 3855 errore
625 3792 752 3874 cognito
777 3793 872 3873 atque
900 3790 1022 3853 abiecto
1046 3791 1149 3852 totum
1175 3807 1253 3871 opus

116 3900 292 3963 retractauit
310 3898 484 3979 multisque
498 3897 577 3962 Iocis
594 3901 630 3960 ut
647 3917 703 3978 par
721 3901 788 3960 erut
805 3896 877 3960 libri
896 3895 1063 3959 Bobiensis
1083 3912 1254 3975 corumque

120 4005 257 4070 codicum
288 4005 342 4086 qui
369 4003 498 4087 propius
527 4003 565 4067 ad
593 4004 691 4067 istum
720 4002 873 4067 accedunt
901 4001 1072 4083 scripturas
1106 4000 1256 4064 restitnit.

118 4115 245 4194 atquae
270 4115 320 4176 est
342 4111 582 4176 consuetudinis
606 4111 655 4174 uis
680 4131 739 4174 non
765 4129 889 4190 semper
913 4128 930 4172 a
954 4127 987 4171 se
1011 4107 1196 4190 impetrauit
1219 4109 1256 4171 ut

118 4219 249 4282 animum
278 4238 296 4282 a
319 4217 461 4282 consiliis
491 4217 565 4280 olim
595 4217 696 4300 captis
725 4215 764 4280 ad
792 4233 844 4278 eas
872 4214 1009 4278 rationes
1038 4231 1116 4296 quas
1145 4215 1256 4294 postea

119 4325 297 4404 probauerat
320 4325 511 4390 deflecteret.
536 4323 646 4388 deinde
671 4323 822 4406 principio
848 4321 919 4385 anni
943 4321 1038 4386 IICM
1063 4339 1143 4402 opus
1167 4319 1254 4401 prelo
