3042 4918
547 484 765 538 Praelatio.
1136 491 1227 555 XVII

84 677 202 741 dudum
232 683 460 760 perspexerunt
487 678 548 741 uiri
583 678 679 745 docti.
717 679 877 761 aliquanto
910 681 1089 748 mitioribus
1122 683 1228 747 uerbis

83 785 283 868 Augustinus
304 803 430 866 quoque
449 783 543 848 istam
562 785 789 868 interpretandi
807 787 960 852 rationem
980 789 1142 870 uituperat
1156 808 1226 854 curn

83 891 113 954 in
145 893 285 955 tractatu
313 889 415 955 LXVI
445 891 476 954 in
510 891 578 955 Iob.
613 893 812 976 euangelium
845 894 911 976 (35,
946 897 1031 958 1810
1064 895 1120 974 M.)
1152 896 1229 960 haee

85 997 208 1061 scribit:
243 998 325 1061 sicat
357 1017 425 1060 eum
457 997 586 1078 quidum
616 997 759 1077 factore
785 1021 978 1080 peruerse
1007 1021 1153 1066 excusare
1181 1003 1230 1064 oi-

85 1109 204 1168 luntar.
225 1103 325 1187 quid?
345 1105 428 1186 quod
443 1103 577 1189 Beda1⁷)
598 1105 762 1170 elementis
783 1125 856 1170 sane
875 1107 992 1191 ingenii
1011 1109 1105 1172 homo
1121 1109 1230 1172 Hiero·

84 1213 169 1293 nymi
203 1211 472 1293 uituperationem
505 1211 692 1294 expositioni
721 1212 834 1290 Luoas,
866 1214 898 1276 in
932 1233 1027 1298 quam
1059 1214 1162 1277 multa
1195 1234 1230 1278 err

83 1319 253 1382 Ambrosio
282 1317 454 1394 transtulit,
482 1317 624 1382 inseruit.
652 1323 814 1400 praeterea
838 1321 1037 1403 Augustinus
1067 1321 1098 1384 in
1127 1320 1230 1402 operis

83 1425 142 1488 iam
175 1430 269 1488 antea
297 1423 427 1487 indicati
454 1426 590 1487 traotatu
616 1423 716 1488 CXXI
748 1426 813 1506 (35,
844 1426 929 1490 loto
958 1426 1014 1506 Μ.)
1042 1430 1150 1491 contra
1178 1445 1231 1490 eos

83 1536 216 1615 pugnat,
248 1532 303 1612 qui
330 1529 551 1614 Magdalenam
581 1549 598 1593 a
626 1531 787 1594 Matthaeo
813 1533 865 1610 26,
892 1533 910 1596 7
944 1551 1010 1614 sqq.
1036 1534 1088 1610 28,
1114 1535 1132 1596 9
1163 1552 1231 1616 sqq.

83 1641 366 1702 commemoratam
404 1636 565 1702 diuersam.
599 1655 668 1700 esse
706 1637 927 1702 existimabant
964 1639 1002 1702 ab
1044 1639 1100 1703 illa
1141 1639 1232 1704 ouius

84 1745 167 1826 apud
192 1745 366 1808 Iohannem
393 1745 443 1820 12,
469 1746 489 1806 3
513 1762 580 1826 sqq.
604 1745 657 1822 20,
684 1745 722 1807 11
749 1763 817 1826 sqq.
841 1744 959 1809 mentio
983 1745 1036 1822 fit;
1066 1765 1231 1829 argumen-

85 1855 221 1933 tumque
246 1871 308 1932 quo
331 1851 434 1914 utitur
455 1870 544 1914 errario
567 1849 773 1913 calumnietur
790 1851 916 1914 milliari
936 1851 1017 1933 quod
1034 1851 1232 1915 lrortrrlunrrua

84 1955 204 2020 dircrit
233 1957 392 2020 dominum
421 1961 528 2021 contra
557 1975 593 2019 ea
621 1956 741 2020 dictum
775 1977 845 2022 esse
878 1958 1007 2022 uidetur
1038 1978 1116 2040 quae
1150 1957 1232 2041 apud

84 2063 292 2128 Ambrosium
321 2065 397 2141 514,
428 2065 445 2127 7
476 2082 522 2145 sq.
556 2064 715 2148 leguntur.
743 2063 956 2148 Hieronymus
989 2083 1064 2129 uero
1093 2065 1144 2128 lde
1172 2085 1232 2130 non

83 2172 274 2254 refragatur,
299 2170 447 2252 quoniam
472 2170 556 2234 sicut
578 2168 765 2234 Ambrosius
793 2170 966 2235 Eusebium
1003 2175 1132 2236 secutus
1165 2172 1233 2253 ipse

86 2297 214 2360 quoque
239 2275 318 2340 duas
343 2275 512 2360 distinguit
535 2274 748 2358 Magdalenas,
772 2274 919 2360 Origenis
942 2282 1020 2359 puto
1045 2278 1234 2343 sententiam

86 2385 265 2466 amplexus,
299 2383 353 2465 qui
386 2382 438 2446 uel
471 2385 535 2446 tres
570 2381 713 2446 eiusdem
745 2383 880 2447 nominis
909 2384 1009 2448 fuisse
1039 2384 1153 2448 statuit
1180 2384 1232 2465 (of.

85 2489 170 2554 Patr.
204 2488 260 2554 Gr.
292 2490 343 2566 13,
374 2490 459 2552 1723
487 2489 554 2570 Ml.
584 2492 679 2570 atque
708 2489 787 2553 hanc
816 2491 855 2553 ob
884 2509 1012 2556 eausam
1041 2491 1233 2556 Martianaeo

87 2595 278 2678 adstipulari
298 2615 358 2660 non
377 2615 508 2676 possum
529 2595 583 2677 qui
598 2593 800 2660 Ambrosium
821 2597 908 2660 illam
930 2596 967 2660 de
986 2597 1080 2663 Petro
1100 2600 1233 2682 negante

86 2703 281 2768 sententiam
308 2702 390 2784 apud
411 2700 578 2786 Origenem
601 2703 664 2768 iam
683 2703 844 2766 inuenisse
863 2702 998 2786 indeque
1018 2703 1233 2785 desumpsisse

87 2809 227 2875 coniecit
251 2811 281 2872 in
308 2809 507 2874 adnotatione
531 2809 569 2874 ad
593 2809 778 2892 Hieronymi
800 2809 907 2874 locum
932 2810 1064 2876 adiecta.

133 2917 204 2982 Uno
226 2919 350 2979 tanturn
370 2917 440 2980 loco
460 2912 673 3000 Hieronymus
693 2917 909 2981 commentarii
928 2917 1024 2981 huius
1044 2916 1234 2981 mentionem

86 3024 161 3089 fecit
202 3023 366 3105 scriptoris
403 3023 527 3087 nomine
565 3023 698 3102 adiecto,
733 3024 788 3088 sed
819 3025 865 3088 ita
897 3027 933 3088 ut
965 3044 1021 3088 nee
1052 3024 1147 3089 laude
1178 3044 1235 3088 neo

86 3131 333 3214 reprehensione
370 3129 573 3194 Ambrosium
613 3131 742 3216 dignum
783 3131 976 3196 existimaret
1013 3131 1119 3194 uerbis
1158 3131 1235 3194 satis

87 3237 215 3321 frigidis
254 3255 333 3300 usus
371 3236 421 3300 his
463 3237 532 3318 (Hp.
570 3236 669 3302 CXXI
707 3241 828 3319 quaest.
866 3237 911 3302 Vl
946 3259 976 3320 p.
1003 3239 1078 3321 ,868
1116 3237 1234 3319 Mart.):

87 3343 277 3407 slrnbrosius
305 3341 554 3407 Mediolanensis
581 3344 741 3426 episcopus
768 3343 844 3428 quid
871 3344 907 3408 de
930 3343 985 3408 boc
1009 3345 1072 3408 loco
1095 3347 1234 3424 soriserr't,

134 3588 165 3656 ¹⁷)
185 3585 260 3641 Acca
284 3587 434 3657 episeopus,
454 3587 499 3656 qui
518 3585 608 3640 Bedae
631 3589 662 3640 ut
685 3588 712 3640 in
737 3587 907 3656 euangelium
926 3587 1016 3640 Lucae
1041 3587 1234 3656 expositionem

88 3676 273 3731 conscriberet
292 3679 472 3744 suggesserat,
492 3675 630 3730 excusanti
648 3676 805 3746 presbytero
824 3679 907 3745 atque
920 3675 1067 3744 adleganti,
1083 3675 1154 3744 quod
1170 3691 1236 3745 opus

88 3767 155 3819 illud
174 3767 230 3819 iam
250 3781 266 3818 a
285 3765 455 3818 sanctissimo
475 3768 502 3818 et
521 3765 677 3819 doctissimo
697 3765 822 3818 antistite
840 3763 982 3818 Ambrosio
1002 3767 1074 3816 esset
1092 3779 1235 3832 praeoccu-

88 3861 190 3923 patum,
215 3854 285 3907 haee
308 3852 446 3922 respondit
468 3853 553 3922 (Patr.
577 3853 607 3908 L.
631 3853 718 3916 XCII,
740 3854 816 3920 303):
837 3853 910 3906 Sunt
932 3859 1022 3906 autem
1045 3852 1182 3920 quaedam
1206 3852 1237 3904 in

89 3943 262 4012 expositione
280 3942 355 3996 beati
367 3941 507 3998 Ambrosii
524 3945 556 3996 in
568 3943 675 3996 Lucam
695 3948 751 3996 tam
770 3941 874 3995 diserta
892 3941 975 3995 simul
993 3947 1018 3994 et
1037 3941 1237 3996 excelsa...ut

92 4031 287 4086 edacioribus
309 4031 399 4085 sotum
421 4031 542 4102 intellegi
564 4037 674 4100 queant,
699 4049 717 4084 a
739 4030 856 4084 rudibus
878 4047 943 4085 uero
965 4029 1163 4098 fastidiosisue
1187 4029 1237 4082 icc-

91 4122 212 4174 toribus.
225 4161 231 4172 .
244 4162 249 4173 ,
255 4135 329 4188 prae
347 4119 513 4187 difficultate
525 4122 572 4174 uel
585 4119 748 4188 assequendi
761 4136 831 4188 quae
845 4119 949 4173 diserta
962 4124 1027 4172 aaut
1045 4117 1089 4171 uel
1108 4116 1238 4184 capiendi

91 4225 161 4276 quoe
180 4210 243 4263 alto
262 4225 297 4261 nc
315 4208 474 4276 quaerenda
493 4208 600 4277 quidem
619 4207 745 4276 quasise
763 4208 878 4262 celsiora
901 4223 951 4261 nec
973 4207 1054 4276 quasi
1071 4223 1099 4258 se
1111 4207 1238 4274 fortiora

89 4304 223 4366 poteratur
246 4313 302 4351 csse
323 4297 478 4350 scrutanda
497 4313 519 4353 s.
540 4315 565 4366 q.
585 4313 605 4349 s.
626 4297 722 4366 quibus
745 4295 870 4349 laudibus
895 4295 999 4364 aliquid
1022 4295 1238 4364 reprehensionis

91 4388 241 4441 immixtum
263 4401 323 4439 esse
342 4402 419 4438 nemo
440 4401 493 4438 non
511 4386 595 4439 uidet.

116 4513 208 4553 XXXII.
227 4512 307 4552 ,amba
323 4521 375 4560 pars
389 4507 408 4548 l.
1187 4489 1202 4539 b
