3108 4932
306 447 445 516 Expositio
466 448 600 516 euangelii
619 447 707 502 buces
726 447 779 502 Vll
797 449 902 503 23—27
922 451 1003 516 (1416
1022 449 1151 504 Ε-1411
1173 451 1212 516 Ε).
1265 454 1328 516 293

184 647 216 708 et
247 642 440 707 Nicodemus
473 643 589 708 occulti
623 643 771 726 discipuli
803 649 930 726 propter
961 649 1082 708 metum
1119 645 1151 708 iu
1189 648 1330 727 tempore

183 754 288 814 tamen
313 769 406 814 stium
430 750 490 814 tibi
514 750 654 816 officium
679 769 739 815 non
763 755 928 834 negarunt.
953 752 1009 816 sed
1031 755 1135 816 tamen
1156 752 1229 834 quia
1254 752 1329 816 elibi
1354 753 1374 808 C

183 855 304 920 dixisti:
338 856 399 937 qui
434 875 502 920 non
537 859 593 922 esi
626 875 766 920 mecum
804 858 1002 922 aduersum
1032 877 1085 922 me
1114 861 1175 922 est
1203 861 1240 922 et
1268 858 1329 940 qui

184 981 325 1026 mecum
354 981 423 1027 non
452 964 606 1047 colligit
634 963 832 1048 dispergit,
865 964 950 1047 aperi
982 965 1083 1042 nobis,
1117 984 1155 1029 ne
1184 965 1331 1030 uideatur

151 1086 252 1132 cesse
285 1071 486 1135 contrarium.
520 1073 552 1134 et
584 1073 661 1153 puto
695 1071 769 1153 quia
802 1070 828 1134 si
862 1071 933 1152 quis
965 1071 1120 1135 mentium
1155 1071 1330 1136 consideret

183 1179 401 1252 scrutatorem,
426 1176 570 1240 dubitare
593 1196 652 1240 nou
675 1176 789 1241 debeat
812 1177 1063 1260 uniuscuiusque
1087 1179 1205 1242 lactum
1225 1183 1329 1243 mente

58 1303 79 1355 o,
95 1303 122 1344 es
183 1281 327 1345 discerni.
347 1283 481 1365 denique
502 1284 555 1347 alii
575 1284 666 1348 dicit:
687 1303 843 1365 sequere
864 1303 928 1360 me,
948 1284 1016 1348 alii:
1039 1285 1171 1366 uulpes
1195 1285 1328 1352 foueas

182 1387 328 1454 babent.
360 1389 415 1452 ille
444 1391 579 1472 cogitur,
607 1390 668 1454 isto
696 1393 887 1468 remoretur,
916 1395 953 1454 ut
981 1391 1062 1455 scias
1091 1391 1164 1472 piria
1192 1391 1328 1457 deuotus

69 1495 110 1556 27
182 1495 373 1573 admittitur,
400 1497 569 1561 iudeuotus
599 1497 785 1561 excluditur.
816 1497 899 1579 quod
927 1517 1002 1562 uero
1032 1497 1206 1579 discipulos
1230 1498 1329 1562 incre·

16 1622 60 1667 ,11
75 1636 110 1674 sq.
138 1620 163 1657 ιο
182 1603 272 1684 pauit
294 1603 368 1685 quia
394 1603 497 1687 ignem
532 1623 627 1686 supra
660 1623 713 1668 eos
747 1603 934 1668 descendere
966 1604 1146 1689 gestiebant
1178 1606 1232 1687 qui
1266 1617 1370 1670 nonD

180 1714 363 1793 receperent
395 1709 567 1788 Christum,
605 1710 783 1775 ostenditur
820 1711 910 1776 nobis
947 1731 1007 1776 non
1045 1730 1169 1793 semper
1204 1713 1235 1776 in
1273 1732 1326 1778 eos

181 1817 235 1898 qui
258 1817 458 1899 peccauerint
480 1817 715 1889 uindicandum,
740 1818 814 1900 quia
838 1837 1073 1900 nonnumquam
1097 1819 1233 1901 anrplius
1257 1839 1326 1901 pro-

181 1924 252 1988 dest
283 1924 450 1990 clementio
485 1924 544 1988 tibi
581 1924 620 1988 ad
657 1925 852 2006 patientiam,
889 1927 979 2008 lapso
1017 1925 1054 1989 ad
1093 1927 1326 1992 correctionem.

57 2033 77 2084 ⁹.
93 2031 120 2073 5¹2
182 2031 315 2113 denique
339 2031 528 2096 Samaritani
552 2031 647 2095 citius
666 2030 875 2106 crediderunt,
900 2051 918 2094 a
937 2031 1053 2113 quibus
1072 2031 1132 2095 boc
1152 2033 1221 2096 loco
1241 2032 1325 2116 ignis

135 2151 162 2188 1⁵
180 2142 314 2202 arcetur.
348 2137 441 2202 simul
476 2137 562 2202 disce
595 2137 670 2218 quia
696 2137 795 2218 recipi
823 2137 926 2200 noluit
953 2137 990 2200 ab
1019 2137 1069 2201 his
1098 2157 1176 2219 quos
1205 2137 1327 2203 sciebat

181 2265 241 2309 non
265 2245 404 2327 simplici
428 2249 532 2309 mente
552 2263 738 2320 conuersos3
763 2263 835 2306 nem
859 2243 886 2306 si
910 2243 1077 2320 uoluisset,
1106 2263 1142 2307 ex
1165 2243 1325 2308 iudeuotis

180 2350 313 2416 deuotes
340 2351 478 2416 fecisset.
509 2370 565 2414 our
588 2354 694 2414 eutem
723 2369 783 2414 uon
812 2349 987 2432 receperint
1015 2369 1097 2424 eum,
1128 2351 1326 2433 euangelista

54 2469 116 2520 ‘³251
178 2460 247 2541 ipse
275 2459 465 2524 memorauit
492 2457 613 2521 dicens:
644 2456 731 2538 quia
760 2457 877 2522 decies
912 2457 992 2521 eius
1025 2461 1105 2520 erat
1136 2457 1260 2521 euntis
1289 2457 1324 2520 in

178 2567 427 2632 Hierusalem.
453 2564 602 2647 discipuli
617 2567 722 2628 autem
738 2564 836 2646 recipi
853 2564 934 2628 intra
951 2563 1124 2628 Samariam
1137 2563 1323 2646 gestiebant,

133 2707 160 2745 20
179 2675 235 2744 sed
260 2675 337 2740 deus
362 2695 440 2758 quos
466 2673 614 2756 dignatur
637 2674 732 2736 uocat
755 2676 787 2735 et
810 2691 903 2754 quem
928 2671 1000 2736 uult
1026 2672 1213 2755 religiosum
1236 2671 1323 2735 facit.

177 2803 235 2850 nec
259 2782 408 2865 discipuli
430 2783 562 2864 peccant
585 2779 639 2861 qui
663 2780 766 2861 legem
791 2779 981 2860 sequundum
1015 2776 1157 2840 sciebant
1185 2776 1267 2840 enim
1292 2779 1325 2840 et

266 3065 428 3160 311111,
447 3093 481 3146 23
572 3093 587 3144 1
612 3089 712 3144 praten.
732 3091 756 3157 s,
776 3089 810 3143 22
913 3091 945 3144 14
965 3089 1024 3145 ner.
1044 3089 1069 3151 a,
1090 3090 1122 3142 14
1144 3089 1213 3147 uon.
1232 3091 1258 3156 4,
1278 3089 1322 3155 se)

179 3187 211 3240 15
225 3183 393 3252 Augustinus
413 3182 446 3236 de
466 3181 536 3234 douo
553 3197 656 3248 persen.
674 3181 715 3246 19,
729 3181 764 3233 49
783 3179 875 3246 (simul
890 3179 961 3232 disce
971 3219 977 3231 .
989 3219 996 3231 .
1007 3219 1012 3230 .
1024 3179 1058 3232 20
1071 3179 1159 3248 fucit)
1205 3181 1237 3232 17
1252 3179 1321 3248 Aug.

176 3271 209 3325 de
228 3272 317 3341 gratia
336 3270 438 3324 Christi
457 3271 501 3337 46,
521 3271 553 3324 51
574 3273 634 3337 (cur
653 3270 843 3322 aulem...20
856 3269 941 3336 fucit)
1014 3269 1049 3321 20
1067 3268 1137 3336 Aug.
1157 3271 1251 3322 contra
1269 3285 1321 3322 sec.

177 3361 228 3414 lul.
248 3377 317 3429 resp.
337 3359 350 3412 I
371 3361 430 3422 131,
452 3359 501 3412 138
521 3357 602 3412 1185
622 3357 850 3426 (deus...sucit),
872 3357 897 3410 ll
917 3357 1010 3410 Thess.
1032 3359 1054 3424 1,
1076 3359 1106 3410 11

211 3557 228 3606 4
247 3553 354 3622 colligit
373 3553 452 3622 (gis.
471 3555 509 3618 u.)
529 3551 556 3605 P
657 3550 802 3604 uideantur
819 3550 847 3602 P
865 3553 892 3616 (11
913 3552 983 3617 exp.)
1003 3547 1028 3600 L
1119 3551 1133 3602 7
1154 3548 1285 3602 discerni»
1299 3553 1321 3616 (1

175 3643 257 3708 erus.)
277 3643 302 3694 A
376 3641 498 3709 densque
517 3641 543 3693 A
617 3640 664 3692 alii
683 3639 710 3692 B
729 3643 805 3707 (post
824 3641 831 3690 i
853 3640 902 3694 ult.
922 3645 960 3691 est
978 3643 1045 3702 roe.)
1066 3639 1119 3692 elio
1139 3639 1191 3691 PL
1210 3638 1275 3691 olibi
1295 3639 1324 3692 E

174 3730 202 3797 (b
222 3731 302 3794 erus.)
325 3729 350 3782 T
367 3735 392 3782 et
412 3729 438 3794 (b
458 3745 480 3782 s.
500 3745 537 3796 u,
557 3731 638 3794 eros.)
662 3727 688 3780 V
757 3728 809 3780 elio
828 3727 882 3781 PL
954 3729 969 3780 9
989 3728 1124 3796 increpuit
1141 3728 1168 3780 P
1186 3729 1216 3794 (1.
1236 3727 1264 3780 ui
1283 3734 1322 3780 est

174 3821 243 3882 rus.)
260 3817 303 3887 pL
378 3819 409 3871 10
429 3833 510 3886 supra
529 3819 593 3885 Ααχ
612 3833 694 3885 super
712 3821 759 3872 cel.
843 3817 875 3867 12
894 3815 1066 3885 peccauerint
1085 3821 1109 3877 (c
1130 3816 1179 3869 ult.
1197 3832 1218 3869 s.
1237 3819 1276 3884 u.)
1295 3818 1319 3867 A

174 3905 302 3974 prodesse
322 3906 353 3958 X
408 3907 440 3960 13
460 3906 639 3974 penitentiam
659 3906 690 3957 X
779 3921 858 3973 quam
878 3905 953 3973 lapso
976 3904 1134 3958 Gratianus
1198 3907 1231 3958 14
1250 3921 1320 3957 saur-

173 3995 300 4048 msritani
318 3995 374 4049 ΑΡ
464 3997 496 4048 15
521 3996 554 4048 ab
580 3995 622 4047 his
648 4011 713 4062 quos
738 3994 841 4047 sciebat
860 3994 886 4046 A
911 3997 941 4060 (1,
965 4011 992 4046 u.
1017 3997 1075 4060 1113)
1100 3993 1177 4060 aBC,
1202 4011 1252 4048 oon
1272 4001 1318 4047 cet.

173 4085 346 4153 Augustinus
365 4084 397 4138 de
416 4085 488 4138 dono
502 4101 609 4152 persea.
629 4086 672 4150 19,
695 4085 733 4135 49
808 4084 839 4136 16
859 4100 912 4136 uon
932 4099 982 4136 our.
1003 4083 1033 4134 X
1114 4099 1271 4136 conuersum
1292 4084 1321 4135 X

209 4189 239 4226 ex
258 4175 290 4240 (s.
309 4175 348 4240 u.)
367 4173 504 4226 iudeuotis
523 4173 542 4239 (1
563 4173 613 4224 all.
634 4189 667 4226 ex
685 4175 711 4238 o)
733 4172 840 4224 deuotis
860 4175 886 4240 (ο
905 4188 927 4225 s.
947 4172 966 4238 i)
986 4171 1012 4224 A
1104 4173 1136 4224 18
1156 4175 1319 4225 monstrauit

172 4261 253 4316 FOV
272 4261 469 4316 demonstrauit
487 4263 525 4330 (111
543 4279 564 4316 s.
584 4279 611 4317 u.
631 4265 688 4326 m2)
707 4282 723 4314 π
779 4262 806 4314 in
826 4278 876 4316 ooo.
897 4262 927 4313 X
980 4262 1014 4314 ‘20
1033 4261 1117 4332 dlisp
1171 4262 1203 4314 21
1225 4277 1317 4314 secun-

173 4353 218 4402 tur
237 4349 306 4420 1307„
379 4350 449 4404 enim
468 4366 519 4406 om.
539 4351 592 4403 PL
