3108 4932
308 453 448 522 Expositio
468 452 604 522 euangelii
624 451 712 506 Lucae
733 452 771 506 Vl
788 453 858 506 2-6
879 453 960 520 (1384
978 451 1109 508 11-1385
1128 453 1172 520 D).
1260 457 1325 520 233

177 649 328 734 ptismate
352 649 513 725 Iohannis;
541 649 612 731 quis
640 648 740 733 igitur·
768 647 894 712 dubitet
921 648 972 712 dei
1000 667 1070 713 esse
1099 647 1267 713 consilium
1295 649 1325 713 in

178 755 298 821 Christi
315 757 464 820 lauacro?
483 755 544 820 hoc
563 759 613 819 est
630 755 810 832 consilium,
830 754 914 836 qnod
933 755 1041 838 magni
1056 755 1181 820 consilii
1195 755 1327 839 angelus

176 862 326 946 repperit,
357 861 441 944 quod
470 881 562 926 uerno
594 861 761 946 cognouit3
791 861 882 945 quis
911 862 993 926 enirn
1023 862 1218 948 cognouit
1245 881 1327 926 sen-

179 987 265 1034 sum
280 969 451 1034 domini?
466 968 602 1033 hominis
613 967 781 1032 consilium
794 986 885 1032 nemo
897 969 1081 1046 contemnit,
1096 967 1326 1034 deiconsilium

149 1077 251 1160 equis
283 1075 423 1141 refutet?
456 1095 529 1160 ergo
562 1076 653 1158 quasi
684 1075 743 1140 filii
774 1079 909 1140 matrem
940 1075 1163 1151 iustificemus,
1194 1080 1328 1141 matrem

179 1201 359 1265 sequamur.
397 1183 516 1247 scimus
550 1182 624 1263 quia
655 1185 756 1247 mater
787 1202 843 1265 pro
875 1181 951 1247 filiis
985 1201 1018 1246 se
1053 1183 1144 1248 offert
1175 1183 1327 1265 periculo.

179 1288 291 1353 matris
315 1287 488 1370 sapientiae
512 1288 655 1358 consilio.
679 1288 790 1352 matris
815 1287 1020 1354 oboediamus
1043 1289 1185 1371 imperio.
1348 1296 1369 1350 Β

86 1395 108 1457 5
227 1394 1328 1474 Cantauimnsuobis,etnonsaltastis;la1nentauimus‚

49 1525 73 1576 a,
89 1523 120 1566 aa
182 1504 222 1566 et
244 1521 317 1566 non
341 1502 553 1584 plorastis.
584 1503 643 1566 etsi
668 1522 728 1566 non
754 1502 926 1586 incongrua
949 1504 1027 1567 haec
1049 1522 1220 1584 puerorum
1242 1502 1329 1567 uide·

137 1627 163 1667 ιο
182 1612 275 1672 antur
302 1627 371 1673 esse
400 1628 562 1692 personae,
596 1609 650 1690 qui
677 1609 783 1673 leuem
811 1609 950 1692 corporis
978 1612 1101 1673 motum
1129 1609 1331 1692 inprudentia

181 1714 284 1780 adhuc
303 1715 483 1780 maturioris
503 1717 671 1800 grauitatis
692 1720 845 1792 exercent,
864 1720 970 1781 tamen
987 1716 1026 1780 ad
1041 1717 1184 1780 altiorem
1200 1735 1330 1781 sensnm

181 1821 290 1886 referri
311 1840 406 1902 posse
429 1841 607 1905 praesumo,
631 1842 668 1888 eo
692 1822 777 1905 qnod
800 1821 968 1887 uideantur
989 1821 1100 1887 ludaei
1122 1841 1178 1887 nec
1198 1823 1330 1906 psalmis

182 1927 282 2008 primo
311 1947 367 1992 nec
398 1929 518 1994 threnis
545 1933 658 2012 postea
684 1929 878 2013 propheticis
911 1929 1092 2006 credidisse,
1126 1929 1258 2012 psalmis
1291 1931 1375 1997 adc

182 2035 320 2117 praemia
344 2035 518 2118 prouocati,
542 2037 662 2101 threnis
687 2037 724 2102 ab
750 2055 852 2100 erroro
875 2037 1024 2101 reuocati.
1051 2037 1192 2100 cantauit
1214 2036 1330 2116 Dauid,

138 2167 165 2207 sa
184 2145 221 2206 ut
243 2141 275 2206 in
300 2142 451 2206 salicibus
475 2146 582 2208 nostra
605 2143 870 2226 suspenderemus
895 2161 1019 2226 organa,
1045 2143 1186 2206 cantauit
1207 2144 1276 2226 ipso
1299 2147 1331 2207 et

185 2252 257 2314 ante
281 2267 384 2312 arcam
409 2249 527 2314 domini
546 2267 608 2314 non
627 2269 683 2333 pro
702 2249 845 2324 lasciuia,
870 2249 926 2314 sed
944 2269 1000 2332 pro
1019 2249 1172 2332 religione
1191 2249 1330 2313 saltanit.

186 2373 259 2439 ergo
292 2374 353 2420 non
386 2355 580 2420 histrionicis
613 2357 754 2421 motibus
791 2356 909 2421 sinuati
946 2355 1086 2439 corporis
1124 2355 1239 2432 saltus,
1275 2355 1331 2420 sed

182 2461 307 2546 inpigra
325 2463 442 2526 mentis
461 2466 493 2527 et
509 2463 659 2547 religiosa
678 2463 817 2545 corporis
836 2463 963 2546 agilitas
983 2463 1175 2547 designatur.
1195 2461 1251 2527 sed
1270 2481 1331 2528 uon

184 2569 218 2634 in
241 2569 422 2651 triumphis,
451 2589 509 2634 non
533 2570 564 2634 in
587 2570 715 2634 excidiis
738 2570 927 2636 Iudaeorum
953 2574 1062 2636 secuta
1085 2569 1247 2646 correctio,
1277 2569 1331 2650 qni

141 2701 168 2741 so
187 2676 314 2740 diuinae
333 2675 548 2759 indulgentiae
569 2676 753 2740 muneribus
777 2677 941 2760 prouocati
964 2677 1069 2741 leuare
1092 2679 1241 2751 mentem,
1267 2694 1331 2740 cor-

188 2801 249 2864 pus
276 2781 438 2856 adtollere,
466 2785 589 2846 terrena
619 2782 772 2860 deserere,
803 2783 953 2848 caelestia
980 2801 1128 2866 quaerere
1157 2781 1376 2848 debueruntD

188 2893 221 2954 et
246 2888 370 2954 iniuriis
399 2888 595 2971 captiuitatis
631 2889 738 2954 adtriti
775 2891 888 2954 deflere
916 2893 1092 2973 peccatum,
1125 2889 1209 2972 qnod
1241 2890 1334 2971 culpa

96 2996 118 3060 6
189 2997 275 3061 esset
303 2998 412 3060 auctor
439 2995 581 3060 iniuriae.
610 2995 849 3061 iustificata
878 3001 941 3062 est
963 3015 1037 3079 ergo
1062 2995 1267 3080 sapientia
1290 2995 1332 3059 ab

61 3127 83 3173 r,
100 3125 129 3168 as
189 3101 374 3168 omnibus
402 3101 511 3166 filiis
541 3102 639 3166 suis.
668 3101 747 3166 bene
772 3104 809 3167 ab
834 3103 992 3180 omnibns,
1022 3103 1095 3184 quia
1120 3103 1202 3167 circa
1226 3120 1334 3167 omnes

144 3235 170 3275 aa
189 3208 315 3273 iustitia
342 3215 530 3272 reseruatur.
567 3213 601 3272 ut
629 3210 791 3292 susceptio
819 3210 875 3274 fiat
901 3209 1053 3286 fidelium,
1086 3209 1213 3274 reiectio
1245 3207 1335 3290 perli-

281 3435 297 3488 2
315 3435 386 3488 Esai.
405 3436 430 3498 9,
449 3437 465 3488 6
538 3435 554 3488 3
573 3436 649 3488 Rom.
671 3436 711 3502 ll,
731 3437 779 3498 34;
800 3434 833 3488 cl.
854 3435 926 3489 Esel.
945 3436 989 3504 40,
1010 3437 1042 3490 13
1122 3435 1154 3488 14
1173 3434 1218 3487 Ps.
1239 3434 1298 3500 136,
1318 3435 1335 3486 2

193 3525 224 3577 15
244 3523 312 3593 Reg.
331 3523 359 3576 Il
378 3524 403 3592 6,
425 3526 457 3578 14
476 3541 535 3593 sqq.

230 3651 323 3702 lesse
343 3649 386 3702 dei
405 3649 486 3702 PBL
584 3651 737 3720 hqnissP
835 3651 1010 3703 tolieretA
1111 3648 1265 3717 lsapienti
1284 3647 1336 3699 PL

192 3741 208 3793 9
227 3755 370 3807 puerorum
389 3744 415 3809 (p
434 3755 456 3793 a.
475 3744 514 3806 u.)
532 3741 560 3793 P
614 3741 644 3793 ll
666 3757 773 3794 sensum
792 3745 817 3808 (e
836 3741 867 3792 io
885 3741 953 3806 ras.)
972 3739 998 3791 A
1064 3737 1095 3790 13
1114 3755 1153 3806 sq.
1173 3737 1291 3801 therenir
1312 3739 1337 3802 (e

192 3832 274 3895 erue.)
292 3828 320 3881 P
383 3831 415 3884 14
434 3829 554 3883 reuocati
573 3835 611 3898 (re
630 3846 652 3883 s.
670 3846 697 3882 u.
718 3832 774 3896 1122)
793 3829 847 3882 AP
866 3829 954 3881 uocati
975 3833 1022 3882 cet.
1088 3828 1120 3879 15
1140 3827 1244 3895 etipse
1264 3829 1292 3878 et
1312 3829 1337 3878 A

191 3923 232 3988 (et
244 3936 289 3988 pr.
310 3921 381 3987 sep.)
403 3919 427 3972 0
444 3923 484 3987 (et
503 3919 551 3972 alt.
571 3920 652 3984 eras.)
667 3917 755 3972 FGV
770 3922 798 3972 et
815 3919 874 3987 ipse
893 3922 954 3984 (om.
974 3916 1072 3970 deinde
1091 3917 1129 3981 et)
1144 3935 1160 3966 a
1218 3914 1337 3970 1681111-

192 4007 265 4062 tauit
282 4007 309 4060 P
326 4009 354 4074 (u
369 4023 414 4075 pr.
435 4010 516 4072 crus.)
537 4007 564 4059 L
633 4008 665 4061 18
685 4007 792 4076 inpigra
811 4007 851 4062 ed.
872 4007 950 4060 Rom.
970 4006 1094 4075 inpigrae
1115 4005 1179 4060 liora·
1242 4003 1277 4058 20
1296 4005 1336 4055 in·

192 4097 370 4162 tellegentiee
389 4095 441 4150 PL
520 4097 623 4150 muneri
642 4096 669 4148 P
687 4099 739 4163 (ue
758 4100 814 4162 m3)
833 4096 858 4149 L
878 4111 987 4148 munere
1007 4095 1037 4147 X
1108 4095 1140 4148 21
1162 4093 1260 4146 debere
1281 4096 1338 4156 (2122

194 4185 356 4250 debuerunt)
377 4187 402 4238 A
458 4185 492 4238 22
512 4188 540 4238 et
559 4201 610 4240 em.
623 4187 650 4239 A
669 4186 710 4254 (in
728 4203 778 4255 sup.
798 4189 844 4239 m3
864 4187 892 4238 et
911 4184 1028 4247 iniuriis)
1078 4183 1112 4236 23
1132 4182 1246 4236 iniuriae
1265 4184 1291 4248 (n
1308 4181 1338 4233 iu

194 4276 262 4340 ras.)
281 4275 307 4328 A
362 4275 396 4328 25
416 4277 540 4328 seruatur
558 4275 612 4328 PB
631 4281 656 4330 et
674 4275 715 4342 (ia
733 4291 786 4344 quo
805 4274 929 4343 spatium
948 4278 1012 4326 aule
1032 4269 1205 4337 seruatur)L
1278 4286 1338 4338 per-

194 4363 314 4417 ditorum
334 4364 375 4432 (iao
394 4381 442 4432 rap.
462 4367 509 4417 md
528 4363 562 4417 al.
581 4364 754 4433 perfidorum)
774 4365 800 4416 A
