3042 4918
290 398 383 462 XIIII
754 395 970 450 Praefatio.

292 592 334 654 sit
353 591 569 673 interpretatio
590 589 790 654 homiliarum
806 590 843 652 ab
863 589 1055 673 Hieronymo
1075 607 1111 652 eo
1131 587 1263 652 consilio
1283 588 1434 664 confecta.

291 699 328 760 ut
349 697 510 762 Ambrosii
540 697 625 778 operi
654 699 765 778 utpote
797 716 906 778 parum
935 695 1087 760 laudabili
1111 715 1205 759 suurn
1230 700 1434 778 supponeret;

291 801 329 866 do
345 822 406 885 qua
419 823 453 866 re
469 823 534 885 oap.
551 803 576 864 V
593 803 696 866 fusius
717 821 857 886 agemus.
877 803 961 865 ultra
978 801 1093 865 librum
1110 801 1141 864 II
1155 820 1230 865 uero
1247 801 1434 866 Ambrosius

292 907 435 990 Origenis
459 909 599 972 homiliis
624 929 684 972 nou
710 927 787 973 usus
812 927 881 972 esse
906 908 1041 972 uidetur.

335 1013 484 1078 Fortasse
515 1018 621 1078 autem
651 1015 729 1080 alios
754 1033 879 1096 quoque
904 1012 1048 1098 Origeuis
1071 1014 1169 1078 libros
1192 1013 1382 1078 Ambrosius
1405 1015 1434 1078 in

291 1123 350 1186 hoc
375 1141 466 1205 opere
490 1123 634 1204 respexit.
659 1125 741 1186 certe
767 1141 846 1204 quae
871 1142 900 1204 p.
926 1123 1001 1200 374,
1024 1123 1063 1184 14
1084 1140 1152 1203 sqq.
1178 1119 1332 1202 exposuit,
1352 1121 1434 1204 iguis

292 1248 353 1310 quo
393 1229 520 1293 scelesti
559 1229 641 1312 apud
679 1229 796 1293 inferos
831 1229 1011 1293 cruciantur
1049 1227 1256 1310 stridorisque
1295 1228 1434 1291 dentium

291 1335 484 1418 imaginibus
500 1335 647 1400 stimulos
664 1335 874 1400 conscientiae
889 1333 1061 1420 significari
1072 1334 1233 1412 dictitans,
1244 1335 1437 1398 conueniunt

293 1461 365 1505 oum
391 1440 536 1524 Origenis
562 1442 599 1505 de
623 1443 682 1507 hac
705 1462 736 1506 re
761 1441 926 1518 sententia,
951 1441 989 1505 de
1013 1461 1076 1524 qua
1098 1440 1276 1524 disputauit
1297 1441 1436 1504 Huetius

293 1547 417 1630 Origen.
441 1549 494 1611 lib.
519 1549 550 1611 ΙΙ
574 1551 694 1629 quaest.
722 1549 771 1611 11.
795 1547 872 1611 item
901 1547 940 1611 ad
965 1546 1131 1631 Origenem
1159 1546 1260 1611 redire
1288 1547 1437 1611 uidentur

293 1673 329 1718 ea
357 1673 437 1736 quae
463 1655 500 1718 de
529 1655 631 1738 magis
661 1673 832 1737 eorumque
861 1657 932 1719 ortu
961 1659 1055 1736 atque
1080 1658 1144 1718 arto
1168 1675 1196 1736 p.
1222 1655 1274 1731 67,
1300 1655 1341 1716 24
1366 1673 1435 1735 sqq.

291 1763 451 1844 leguntur.
486 1761 523 1825 de
557 1780 619 1842 qua
651 1781 684 1842 re
713 1759 863 1844 Origenes
896 1761 927 1823 in
955 1761 1039 1826 hom.
1068 1760 1145 1824 Xlll
1173 1762 1204 1824 in
1232 1759 1328 1826 Num.
1359 1777 1385 1824 c.
1417 1761 1434 1824 7

293 1868 378 1949 (llll,
404 1867 467 1930 675
492 1867 547 1946 Μ.)
577 1866 742 1943 disseruit;
773 1886 961 1949 quamquam
991 1847 1050 1931 hoc
1077 1867 1147 1932 loco
1177 1867 1312 1931 fortasse
1341 1867 1437 1931 simul

291 1973 465 2037 Eusebium
486 1973 522 2036 de
543 1992 603 2055 quo
623 1993 696 2036 mox
713 1973 881 2055 loquemur
898 1972 1100 2055 respexit.¹⁵).
1117 1992 1217 2056 neque
1232 1971 1343 2037 dubito
1361 1972 1433 2052 quin

291 2079 398 2162 plures
422 2079 516 2143 etiam
542 2079 697 2144 eiusmodi
720 2080 781 2144 looi
814 2080 845 2143 in
879 2079 939 2144 hoc
972 2080 1195 2144 commentario
1223 2077 1434 2155 inueniuntur,

293 2204 371 2268 quos
397 2205 505 2250 omnes
530 2204 637 2249 eruere
662 2189 756 2267 atque
779 2185 936 2249 illustrare
960 2189 997 2249 ut
1020 2187 1104 2250 uires
1127 2205 1213 2250 meas
1238 2185 1435 2266 superstite

293 2313 309 2356 a
334 2292 465 2356 consilio
488 2292 584 2356 huius
610 2292 756 2357 editionis
780 2293 915 2356 alienum
941 2309 1010 2356 esse
1033 2295 1120 2373 puto.

335 2401 382 2463 De
401 2400 532 2464 Eusebii
552 2419 643 2481 opere
665 2399 747 2480 quod
768 2401 817 2462 est
837 2397 874 2462 de
898 2399 1133 2484 euangeliorum
1160 2397 1372 2480 discrepantia
1395 2402 1433 2464 ab

290 2506 457 2570 Ambrosio
486 2507 626 2569 adhibito
656 2506 719 2569 iam
746 2506 777 2568 in
807 2505 846 2570 iis
875 2525 954 2587 quae
982 2505 1174 2588 praecedunt
1197 2507 1432 2589 disputauimus

290 2613 340 2693 (of.
365 2633 393 2694 p.
419 2613 467 2692 V).
488 2617 719 2694 praeterquam
734 2612 848 2676 librum
866 2613 1028 2678 historiam
1045 2632 1170 2695 quoque
1185 2613 1431 2678 ecclesiasticam

290 2719 327 2781 ab
357 2719 493 2782 Eusebio
528 2719 736 2800 compositam
769 2717 871 2782 tribus
912 2719 991 2783 locis
1023 2720 1171 2801 respexit.
1204 2725 1299 2802 atque
1326 2721 1432 2785 locum

291 2823 327 2887 de
360 2823 496 2889 Herodis
530 2825 649 2906 origine
682 2825 741 2907 (ΙΙΙ
774 2826 828 2907 41)
861 2825 899 2888 nd
932 2826 1063 2889 uerbum
1096 2827 1161 2890 fere
1199 2828 1353 2909 expressit
1388 2829 1432 2892 ito

289 2936 394 2995 tamen
419 2935 454 2996 ut
478 2951 675 3014 nequaquam
700 2933 779 2996 banc
807 2933 1013 2997 narrationem
1043 2939 1128 2998 extra
1157 2952 1280 2998 omnem
1308 2934 1431 3000 dubita-

288 3039 405 3102 tionem
431 3038 565 3120 positam
591 3058 660 3102 esse
686 3039 866 3104 diseretio
893 3040 1108 3103 commentarii
1132 3043 1237 3104 autem
1261 3041 1431 3106 Eusebium
1504 3107 1505 3116 ,

289 3143 320 3207 in
341 3145 446 3207 Lucan
466 3144 650 3228 fragmentis
670 3146 707 3208 ab
723 3146 842 3228 Angelo
861 3145 946 3210 Maio
965 3145 1074 3210 Nouae
1094 3149 1172 3230 patr.
1191 3147 1266 3212 bibl.
1286 3147 1349 3210 uol.
1368 3149 1431 3212 ΙΙΙΙ

287 3270 317 3331 p.
339 3253 403 3315 160
427 3269 494 3332 sqq.
516 3251 620 3326 editis,
646 3251 707 3315 etsi
730 3251 897 3336 diligenter
921 3271 957 3315 ea
980 3252 1250 3334 perlustrauisset,
1275 3273 1312 3317 ne
1336 3253 1432 3319 leuis-

288 3359 403 3423 simum
419 3357 546 3438 quidem
561 3357 747 3422 imitationis
764 3359 988 3424 Ambrosianus
1002 3359 1155 3424 indicium
1173 3363 1209 3423 ut
1224 3360 1432 3445 inuestigaret

289 3465 349 3528 sibi
374 3463 547 3546 contigisse
572 3463 737 3528 adnotauit
758 3467 848 3546 pater
870 3484 971 3530 meus.

333 3569 358 3633 ld
397 3569 568 3652 gentilibus
608 3570 813 3653 scriptoribus
852 3571 905 3653 qui
943 3590 1054 3655 graeca
1092 3571 1201 3656 lingua
1238 3574 1432 3656 scripserunt

289 3677 411 3759 primus
436 3676 593 3740 Homerus
624 3677 832 3741 nominandus
861 3683 920 3754 est,
949 3698 964 3741 e
994 3697 1055 3760 quo
1084 3683 1194 3760 poetae
1224 3685 1256 3743 et
1284 3681 1430 3746 carminis

288 3781 468 3846 nominibus
501 3800 561 3846 nou
593 3783 741 3848 iudicatis
773 3784 826 3865 (cf.
859 3803 938 3866 quae
971 3784 1192 3849 adnotauimus
1226 3786 1263 3850 od
1296 3807 1324 3870 p.
1354 3789 1429 3865 288,

289 3889 344 3968 20)
367 3890 515 3953 nonnulla
541 3893 704 3954 mutuatus
730 3895 788 3954 est.
810 3912 841 3973 p.
867 3893 919 3969 38,
945 3893 964 3955 0
989 3911 1056 3974 sqq.
1081 3892 1299 3975 Xenophontis
1322 3895 1427 3958 locum

290 3995 408 4058 Comm.
432 3995 445 4056 Ι
470 3997 489 4057 4
516 3997 555 4057 12
580 3999 651 4059 ante
680 3997 788 4062 oculos
819 3998 941 4070 babuit;
965 3998 1129 4063 Philonem
1159 4003 1265 4080 aperte
1293 4003 1430 4082 respexit

289 4102 364 4178 300,
386 4102 535 4183 hisquae
556 4105 630 4180 212,
651 4105 670 4166 6
691 4104 728 4168 do
747 4104 850 4168 tribus
870 4104 1011 4187 portibus
1032 4105 1173 4170 iustitiae
1194 4127 1211 4170 a
1229 4106 1427 4191 pbilosophis

336 4292 366 4359 ¹⁵)
381 4291 421 4348 Cf.
433 4293 540 4346 omnino
551 4293 600 4346 Th.
611 4294 720 4348 lbrster
728 4293 886 4348 Ambrosius
896 4295 1008 4348 Biscbof
1015 4315 1066 4350 ron
1077 4297 1196 4351 Mailand
1207 4297 1266 4352 Hal.
1278 4297 1337 4351 Sar.
1351 4300 1425 4354 1854.
