3044 4930
324 384 464 456 Expositio
484 383 618 453 euangelii
637 384 726 438 Lucae
745 383 898 440 1182-84
916 384 996 453 (1308
1016 383 1205 454 0-130913).
1293 387 1334 452 87

189 580 341 646 meruerit
363 581 432 646 eius
456 599 526 646 esse
550 581 732 660 conformis,
758 581 811 664 qui
836 581 920 648 sicut
941 601 1073 666 granum
1091 582 1189 647 tritici
1210 581 1335 661 cecidit,

189 691 227 753 ut
249 687 404 771 plurimos
427 686 550 752 fructus
574 687 710 753 adferret
732 688 763 752 in
785 687 888 767 nobie,
908 689 1033 756 inuisus
1053 690 1164 773 paleis,
1188 688 1334 756 inanibus

189 794 313 858 meritis
338 813 398 858 uon
419 794 550 860 amicus.
574 797 607 860 et
624 793 696 860 ideo
716 799 788 860 ante
808 815 880 860 eum
899 795 983 880 ignis
1004 795 1127 862 ardebit
1144 815 1204 862 nou
1223 801 1336 862 nature

190 901 241 964 sui
265 901 388 978 noxius,
420 904 533 984 utpote
562 902 615 984 qui
643 902 728 967 mnia
755 901 956 986 inprobitatis
985 906 1103 982 exurat,
1137 904 1334 986 splendorem

157 1031 170 1070 s
188 1007 357 1091 probitatis
382 1006 576 1074 adcumulet.
1247 1091 1251 1100 ι

80 1108 120 1172 83
233 1114 389 1179 Factum
418 1119 477 1181 est
505 1119 629 1181 eutem
658 1135 738 1182 curn
763 1117 982 1200 baptizatus
1006 1119 1110 1182 esset
1133 1117 1252 1182 omnis
1277 1133 1375 1201 po-n*

19 1237 128 1292 serae.
189 1222 304 1306 polus
329 1225 366 1286 st
387 1222 476 1286 Iesu
497 1222 692 1304 baptizato
718 1226 902 1288 sternuto
922 1227 1091 1306 apertum
1112 1226 1172 1288 est
1191 1225 1336 1288 caelum

189 1333 227 1392 et
255 1327 452 1392 descendit
480 1327 644 1411 spiritus
674 1333 830 1394 sanctus
859 1329 1048 1412 corporali
1077 1330 1203 1413 specie
1234 1330 1337 1394 sicut

189 1435 364 1500 columba
391 1436 428 1498 in
456 1434 580 1517 ipsum
609 1439 646 1500 et
673 1455 743 1501 uor
772 1436 815 1500 de
848 1436 953 1500 caelo
986 1435 1088 1500 facta
1119 1439 1191 1500 est:
1225 1436 1335 1502 filius

146 1563 173 1602 ιο
190 1561 296 1606 meus
321 1561 359 1606 ss
381 1545 434 1618 tu,
458 1543 495 1606 in
518 1546 554 1607 ts
579 1543 787 1626 conplacui.
813 1542 993 1624 baptizatus
1017 1561 1092 1626 ergo
1117 1545 1166 1608 est
1189 1542 1336 1608 domiuus

189 1669 250 1714 non
274 1649 419 1714 mundari
443 1649 565 1728 uolens,
591 1649 646 1714 sed
670 1650 821 1714 mundare
845 1669 954 1732 eques,
982 1653 1018 1713 ut
1041 1649 1168 1714 ablutae
1191 1669 1247 1731 per
1270 1668 1335 1714 ocr-

189 1775 263 1821 nem
292 1755 421 1834 Christi,
455 1775 535 1838 quus
563 1759 729 1840 peccatum
759 1775 820 1821 non
855 1756 1015 1842 cognouit,
1048 1757 1251 1839 baptismatis
1283 1756 1334 1820 ius

189 1863 352 1930 heberent.
391 1865 423 1928 et
449 1863 520 1928 ideo
549 1863 604 1946 qui
639 1863 678 1928 sd
703 1863 823 1930 Christi
856 1865 1020 1929 lnrrncrum
1051 1863 1175 1928 uenerit
1206 1865 1336 1945 peccata

190 1971 330 2053 deponit.
349 1969 479 2054 pulchre
495 1973 601 2035 autem
620 1971 652 2034 in
671 1971 722 2036 his
743 1989 823 2053 quac
843 1989 860 2033 a
880 1971 993 2035 ceteris
1011 1969 1187 2034 dictasunt
1204 1971 1334 2034 sanctus

145 2096 171 2137 rs
189 2079 292 2142 Lucas
317 2077 515 2161 euangelista
538 2077 748 2160 conpendium
773 2077 892 2142 sumsit
915 2080 948 2141 et
965 2075 1213 2160 intellegendum
1233 2077 1335 2159 magis
1356 2085 1425 2142 1309
1446 2084 1468 2138 Α

190 2184 276 2270 quod
300 2203 317 2248 a
339 2183 479 2248 Iohanne
503 2182 649 2248 dominus
673 2183 855 2267 baptizatus
880 2187 930 2248 est
949 2201 1043 2266 quam
1064 2201 1246 2264 expressum
1265 2181 1335 2246 reli-

189 2293 270 2376 quit.
305 2309 385 2374 quse
413 2292 519 2354 autem
549 2289 698 2354 dominici
726 2309 822 2354 cause
853 2289 1057 2371 bsptismatis
1088 2287 1234 2354 dominus
1266 2289 1335 2372 ipss

190 2399 331 2463 declaret
355 2397 476 2461 dicens:
510 2395 591 2460 sine
615 2396 737 2471 modo;
769 2396 823 2460 sic
848 2396 945 2460 enim
969 2396 1077 2460 decet
1100 2414 1165 2461 nos
1190 2396 1335 2478 inplere

84 2494 122 2558 84
190 2525 333 2571 omnem
369 2503 572 2569 iustitiam.
620 2522 692 2567 cum
723 2502 823 2588 igitur
848 2506 938 2568 tante
975 2503 1013 2567 ad
1049 2502 1335 2568 exaedificationem

146 2630 172 2670 2⁰
190 2612 344 2677 ecclesiae
367 2629 443 2675 suae
468 2610 575 2676 diuino
600 2609 678 2674 dens
706 2611 814 2674 fauore
844 2610 1045 2688 concesserit,
1075 2612 1113 2674 ut
1140 2612 1214 2692 post
1240 2611 1336 2692 putri-

190 2719 301 2783 nrchas
324 2717 494 2801 prophetae
519 2715 647 2800 angelos
671 2717 857 2801 unigenitus
882 2716 1086 2782 descenderet
1109 2716 1159 2780 dei
1188 2716 1275 2782 iilius
1304 2719 1337 2781 et

190 2825 229 2890 ad
244 2825 408 2889 laneorum
423 2823 554 2900 ueniret,
574 2841 675 2886 nonne
690 2842 763 2888 uere
781 2827 875 2905 atque
891 2823 998 2888 diuine
1015 2822 1203 2887 deecclesia
1222 2841 1336 2907 cogno·
1354 2837 1378 2891 Β

190 2933 298 2998 nimus
322 2931 458 2996 dictum:
491 2931 566 2994 nisi
591 2930 761 2995 dominus
787 2929 1046 2995 aedifioausrit
1075 2930 1148 2994 sibi
1178 2930 1335 3007 domum,

190 3040 226 3104 in
251 3059 385 3104 uanum
408 3038 681 3103 laborauerunt
705 3037 767 3121 qui
792 3037 994 3102 aedificant
1018 3041 1117 3102 eam?
1142 3056 1199 3102 nec
1219 3037 1336 3102 mirum

137 3143 172 3206 'rc
191 3147 217 3210 si
242 3147 337 3212 homo
361 3143 525 3209 aedificare
548 3163 609 3210 non
632 3149 749 3227 potest,
775 3144 829 3226 qui
852 3163 913 3208 non
937 3148 1044 3227 potest
1067 3143 1242 3208 custodire:
1262 3143 1336 3208 nisi

191 3253 362 3320 dominus
382 3252 613 3317 custodierit
631 3253 839 3328 ciuitatem,
861 3251 1051 3316 iuuenum
1071 3251 1337 3336 uigilauerunt

281 3458 491 3527 110n.12,24
545 3459 725 3528 cresse
782 3457 862 3513 1211
882 3457 941 3514 Cor.
961 3461 986 3526 5,
1005 3459 1038 3514 21
1097 3459 1129 3512 18
1148 3457 1286 3526 Mettus,
1303 3460 1335 3514 15

190 3548 225 3603 20
244 3547 326 3602 Hebr.
347 3549 405 3616 1,1
462 3548 497 3602 23
517 3550 597 3602 etus
616 3549 660 3604 Ps.
682 3548 775 3616 126,1

227 3671 362 3726 lmernit
380 3671 453 3726 αΒΟ
522 3671 579 3726 eius
597 3689 618 3726 e.
637 3689 665 3726 u.
684 3673 710 3726 A
783 3671 873 3726 caedit
891 3673 921 3725 X
938 3675 963 3742 (e
982 3689 1041 3741 cop.
1059 3675 1107 3726 m2
1127 3671 1192 3738 OV)
1252 3669 1335 3726 2ad·

190 3759 261 3815 ieret
278 3760 310 3813 X
398 3762 414 3815 3
433 3759 534 3814 amicos
552 3763 580 3829 (u
598 3774 620 3815 s.
640 3777 655 3815 o
674 3764 730 3828 m2)
749 3761 776 3814 A
795 3763 946 3832 amictusp
1037 3763 1052 3814 5
1072 3761 1225 3816 adcolumet
1243 3762 1270 3815 A
1289 3761 1336 3814 ed-

191 3848 358 3903 comuletX
374 3849 453 3920 (corr.
472 3851 520 3903 ms
537 3847 630 3918 For)
667 3851 699 3904 12
719 3851 776 3904 eius
795 3853 860 3916 (es.
879 3851 982 3916 u.m2)
1001 3850 1027 3902 A
1066 3851 1098 3904 13
1118 3849 1151 3904 ad
1170 3849 1198 3918 (d
1216 3867 1238 3904 e.
1256 3851 1336 3916 u.)A

193 3939 225 3992 17
245 3936 373 3992 dominici
390 3940 425 4007 (ci
444 3955 466 3992 e.
484 3955 512 3992 c.
531 3941 582 4005 ml)
602 3939 639 3993 sit
657 3941 687 4008 (e.
707 3957 734 3993 c.
753 3941 810 4004 m3)
829 3939 855 3992 P
926 3927 1199 4008 dm(sinran.)P
1234 3939 1335 3993 181111-

191 4027 264 4097 plere
282 4026 303 4096 (l
321 4043 344 4080 s.
361 4029 400 4096 u.)
418 4027 446 4079 P
482 4029 515 4081 19
533 4027 628 4097 igitur]
650 4028 721 4082 enim
738 4046 762 4098 γ,
781 4029 829 4096 qui
846 4044 910 4082 mox
928 4044 978 4082 om.
999 4027 1033 4081 ed
1088 4028 1337 4082 exaedificatiouem

192 4113 246 4168 AL
264 4119 289 4169 et
306 4117 348 4184 (er
367 4117 448 4182 erae.)
467 4115 495 4168 P
510 4115 727 4170 aedificationem
746 4123 793 4171 cet.
862 4119 896 4172 20
915 4133 980 4170 suae
999 4132 1084 4188 ornp
1138 4117 1171 4171 21
1193 4123 1257 4171 anie
1274 4133 1335 4186 pro·

192 4202 288 4273 phetas
308 4201 374 4257 add.
392 4207 455 4275 post
473 4203 504 4256 X
575 4203 603 4258 di
620 4205 693 4258 filius
711 4205 911 4258 transcenderit
928 4223 943 4273 γ
999 4207 1033 4259 23
1052 4205 1104 4258 eibi
1124 4221 1183 4274 exp.
1205 4205 1236 4272 O,
1255 4221 1335 4276 omn

191 4291 701 4362 mmfflffifflwme
