3108 4932
227 391 291 455 250
696 386 895 444 Ambrosii

228 583 312 665 quod
336 603 468 648 auersus
489 583 576 662 licet,
599 603 638 650 ue
668 583 888 648 contusionem
916 582 1029 648 nudati
1056 584 1197 666 parentis
1224 585 1378 661 hauriret,

228 689 308 754 duce
339 693 445 754 tamen
476 694 599 774 patrem
629 689 749 773 pietate
781 689 915 756 texisset
945 692 979 756 et
1008 689 1139 758 fraterni
1170 690 1376 758 maledictum
1445 703 1468 756 Β

188 792 191 798 ’
227 795 358 862 seminis
379 797 524 864 eluisset

164 902 204 964 45
275 901 344 982 Qui
367 903 500 969 multis
524 903 628 986 inquit
655 902 892 986 temporibus
922 903 1120 988 agebatur,·
1140 905 1251 988 utpote
1281 905 1378 987 quia

154 1029 174 1082 a,
188 1029 214 1073 aa
230 1009 351 1075 diluuio
376 1029 478 1094 usquo
502 1009 541 1074 ad
565 1011 736 1075 aduentum
760 1009 879 1076 domiui
902 1010 1085 1090 uexabatur,
1110 1011 1214 1076 furore
1238 1010 1378 1078 dementi
1409 1032 1422 1072 s
1532 1053 1533 1064 r

229 1135 378 1198 rumpens
397 1116 503 1182 uincla
521 1120 661 1182 naturae.
684 1135 742 1181 nec
761 1117 907 1180 inmerito
927 1117 1024 1182 etiam
1044 1121 1172 1182 sauctus
1194 1117 1379 1182 Matthaeus

229 1208 260 1288 irr
280 1223 494 1288 monumentis
512 1223 585 1288 illos
604 1222 765 1288 habitasse
784 1222 936 1306 signauit,
956 1222 1114 1305 siquidem
1128 1223 1242 1290 talium
1257 1223 1378 1289 animae

230 1332 260 1396 iu
284 1329 473 1412 quibusdam
497 1329 664 1394 uideantur
686 1328 828 1394 habitare
856 1329 989 1394 tumulis
1020 1330 1271 1414 sepulchrorum.
1302 1331 1378 1413 quid

231 1437 314 1502 enim
338 1436 424 1502 aliud
448 1440 522 1502 sunt
545 1455 676 1518 corpora
692 1435 883 1518 perfidorum
902 1435 964 1500 nisi
984 1437 1137 1518 quaedam
1157 1435 1378 1502 defunctorum
1448 1447 1470 1504 Ο

148 1599 150 1602 ,
231 1544 409 1627 sepulchra,
437 1544 468 1608 in
494 1543 610 1624 quibus
635 1542 685 1607 dei
713 1542 812 1608 uerba
839 1562 900 1608 nou
929 1542 1093 1608 habitent?
1121 1543 1275 1628 agebatur
1303 1562 1377 1628 ergo
1398 1565 1423 1606 ro

230 1651 262 1716 in
290 1650 360 1716 loca
387 1649 511 1714 deserta
539 1649 729 1732 spiritalium
763 1649 888 1714 scilicet
919 1649 1088 1714 infecunda
1119 1650 1276 1716 uirtutum
1307 1669 1378 1732 pro·

164 1767 206 1831 46
231 1757 325 1840 fugos
345 1775 363 1820 a
381 1757 462 1840 lege,
481 1755 638 1820 discretus
658 1777 676 1820 a
694 1755 867 1838 prophetis,
887 1760 1029 1822 remotus
1049 1775 1068 1820 a
1086 1757 1196 1840 gratie.
1215 1775 1276 1822 nou
1296 1756 1377 1822 enim

97 1887 118 1935 a,
133 1885 213 1930 ao-aa
231 1882 294 1927 uuo
314 1863 488 1939 daemonio,
513 1862 569 1928 sod
587 1863 688 1928 totius
706 1862 843 1947 legionis
861 1863 1027 1928 laborabat
1044 1863 1185 1942 incursu,
1206 1883 1285 1946 quae
1305 1883 1378 1929 cum

232 1968 394 2034 dominum
417 1969 555 2035 uidisset
578 1968 847 2055 cognouissetque
873 1969 1015 2051 praescia
1042 1967 1192 2034 dominici
1220 1969 1378 2035 aduentus

230 2079 372 2158 tempore
393 2075 425 2140 iu
449 2077 581 2159 abyssos
605 2095 639 2141 se
663 2095 733 2142 esse
756 2075 954 2152 trudendam,
980 2076 1084 2160 coepit
1104 2093 1190 2141 orare
1210 2079 1246 2140 ut
1264 2076 1378 2142 iutroo·
1400 2099 1425 2142 ra

231 2182 307 2248 undi
334 2183 366 2246 irr
393 2201 504 2266 porcos
533 2183 691 2266 acciperet
717 2183 911 2248 facultatem.
944 2185 976 2248 ot
1006 2183 1145 2265 primum
1178 2182 1378 2248 clementiam
1444 2187 1469 2239 D

233 2287 351 2354 domiui
370 2288 521 2354 debemus
541 2289 714 2368 aduertere,
739 2290 821 2372 quod
843 2289 967 2354 nullum
985 2288 1073 2371 prius
1092 2289 1161 2373 ipse
1180 2288 1378 2366 condamnet,

233 2395 289 2459 sod
320 2394 539 2477 unusquisque
571 2393 634 2460 sihi
665 2398 776 2459 auctor
807 2401 858 2460 est·
889 2413 1017 2478 poenae,
1049 2413 1111 2460 non
1144 2395 1316 2460 mittuntur
1346 2395 1377 2458 in

231 2519 344 2582 porcos
368 2501 545 2576 daemones,
570 2501 626 2566 sed
648 2501 710 2584 ipsi
733 2503 856 2584 petunt,
881 2501 956 2584 quia
974 2501 1121 2566 caelestis
1141 2500 1271 2566 luminis
1291 2501 1378 2564 clari-

232 2611 332 2673 tatem
359 2607 515 2674 sustinere
543 2626 603 2672 nou
632 2610 786 2689 poterant,
819 2610 856 2672 ut
888 2609 942 2690 qui
975 2609 1084 2673 oculos
1118 2607 1225 2673 dolent
1255 2608 1379 2672 radium
1399 2629 1426 2670 ao

233 2715 311 2780 solis
335 2715 414 2778 terre
437 2735 497 2780 non
522 2718 666 2798 possunt,
695 2714 751 2780 sed
778 2713 946 2780 tenebrosa
972 2715 1096 2799 eligunt
1123 2717 1155 2780 et
1183 2713 1382 2797 splendentia

233 2821 461 2902 derelinquunt.
485 2821 609 2905 fugiant
632 2839 705 2905 ergo
729 2821 897 2886 daemones
917 2821 1115 2905 splendorem
1134 2821 1217 2886 lucis
1237 2824 1380 2886 aeternae

324 3013 339 3065 6
358 3011 457 3066 Matth.
477 3013 502 3078 8,
522 3013 556 3066 28
614 3013 646 3067 10
664 3012 763 3066 Matth.
786 3013 827 3078 12,
845 3013 880 3067 43

272 3138 284 3189 l
305 3136 370 3190 licet
389 3152 499 3190 auersus
518 3135 570 3189 PL
687 3137 816 3190 aduersus
835 3154 852 3187 π
872 3142 897 3190 et
917 3136 945 3202 (d
965 3137 1045 3202 erma)
1064 3137 1122 3189 AV
1227 3152 1261 3190 ne
1280 3153 1331 3190 om.
1352 3138 1383 3190 X

269 3223 394 3279 nuditate
412 3224 492 3278 PBL
587 3225 672 3294 patris
693 3227 722 3277 X
819 3226 835 3280 3
855 3225 964 3280 seminis
982 3228 1005 3293 (s
1026 3225 1075 3278 alt.
1094 3241 1115 3278 a.
1134 3241 1162 3278 o.
1181 3228 1238 3292 m2)
1259 3224 1382 3288 siluisset

234 3319 259 3381 (e
278 3332 299 3368 s.
319 3315 342 3376 si
361 3317 417 3381 m2)
441 3317 467 3367 A
491 3314 587 3368 semini
614 3313 736 3368 siluisset
759 3313 803 3367 aL
823 3314 933 3368 seminis
956 3313 1054 3368 luisset
1077 3315 1108 3367 X
1210 3315 1226 3365 4
1250 3313 1383 3383 agebatur

235 3417 265 3466 (e.
285 3408 331 3457 or3
350 3403 515 3473 agitabatur)
533 3403 561 3456 P
654 3406 751 3473 utpute
769 3421 788 3472 χ
897 3404 912 3455 5
933 3402 1042 3456 delubio
1061 3403 1088 3456 A
1107 3407 1131 3456 et
1150 3405 1207 3470 (m3
1226 3401 1340 3468 diluuio)
1355 3403 1383 3454 P

270 3492 417 3546 serebatur
435 3494 462 3545 A
516 3493 533 3546 6
551 3492 642 3546 uincla
661 3493 701 3560 (ior
719 3509 768 3561 nep.
789 3491 906 3558 uincula)
926 3491 952 3544 V
969 3491 1076 3546 uincula
1089 3491 1135 3561 Ι,χ
1184 3492 1199 3544 7
1218 3490 1343 3544 habitare
1356 3489 1383 3544 L

271 3581 391 3651 signauit
409 3581 436 3634 A
454 3581 513 3650 (qui
529 3581 596 3634 hoec
615 3580 681 3636 add.
696 3585 847 3648 conpuncta:
866 3581 890 3634 si
910 3579 1017 3648 quidem
1037 3579 1132 3634 talium
1152 3579 1258 3634 aninrae
1276 3579 1304 3632 in
1324 3594 1382 3632 rno-

235 3669 372 3724 humentis
392 3669 452 3722 illos
471 3668 610 3722 habitasse
629 3669 761 3738 signauit)
777 3668 837 3737 αΟχ
855 3668 1022 3738 significauit
1040 3673 1087 3723 cet.
1125 3669 1141 3722 8
1160 3667 1285 3722 habitare
1304 3665 1382 3722 uide-

237 3763 317 3812 antur
336 3757 474 3823 (uidentur
491 3759 610 3828 Eplhp
683 3757 829 3822 uideantur
846 3777 863 3809 π
938 3759 970 3812 10
989 3757 1117 3811 habitant
1135 3756 1188 3812 PL
1261 3756 1291 3810 11
1313 3755 1381 3810 inle-

237 3847 333 3916 cuuda]
354 3851 381 3899 et
400 3847 515 3900 fecunda
539 3847 564 3900 V
580 3851 619 3912 (et
636 3848 667 3900 a'oe
685 3848 754 3918 rae.)
772 3847 825 3902 Fo
848 3850 876 3900 et
893 3845 1040 3902 infecunda
1060 3845 1125 3900 Cet
1143 3846 1181 3912 (in
1201 3861 1222 3900 e.
1241 3862 1270 3898 u.
1287 3847 1345 3911 m2)
1365 3862 1382 3898 a

239 3937 270 3990 la
290 3935 411 3989 desertus
431 3936 456 3988 A
528 3937 593 4005 non]
612 3935 730 3990 nondum
749 3938 781 3990 X
845 3936 876 3990 13
897 3936 942 4004 qui
960 3938 1041 4005 (quae
1060 3936 1117 4000 or2)
1135 3935 1162 3988 A
1228 3935 1260 3988 14
1280 3949 1380 4002 coguo-

237 4026 377 4093 uissetque
390 4025 479 4092 Ααϋχ
497 4029 522 4078 et
540 4028 587 4078 m3
601 4024 629 4076 P
648 4027 845 4094 cognossetque
860 4023 888 4078 P
904 4029 946 4076 m1
965 4028 1164 4093 cognoscetque
1183 4022 1269 4076 BLX
1321 4037 1382 4091 pre-

237 4115 326 4168 sentia
343 4113 444 4177 (sentia
463 4113 493 4166 io
511 4128 583 4179 ros.;
600 4113 722 4182 praescia
739 4117 796 4180 m2)
815 4113 843 4167 A
861 4113 977 4182 praescii
996 4112 1076 4166 PBL
1133 4113 1165 4166 15
1185 4111 1282 4182 abysso
1301 4109 1383 4164 PBL

272 4218 367 4272 rogare
386 4201 458 4272 Μ
524 4202 556 4256 16
576 4202 729 4270 acciperent
747 4201 777 4255 X
844 4201 878 4256 20
897 4205 1038 4271 posterant
1057 4206 1081 4266 (s
1100 4203 1181 4268 erce.)
1199 4201 1227 4254 P
1297 4200 1330 4254 21
1352 4203 1383 4252 ut

237 4291 287 4362 spl.
308 4289 497 4358 derelinquant
515 4291 546 4342 X
