3044 4930
279 418 421 488 Expositio
442 418 577 486 euangelii
596 417 683 472 Lucae
703 416 743 470 111
761 417 868 472 40-42
886 419 967 486 (1328
986 419 1114 474 F-lsae
1134 421 1177 487 D).
1237 425 1298 488 129

65 609 105 674 41
153 615 289 682 historia
312 614 414 690 docet,
447 613 562 698 regalis
596 613 783 698 dignitatem
812 613 937 698 generis
965 619 1173 682 reseruoutes.
1207 615 1350 681 lertan

154 723 238 787 enirn
262 722 300 786 ab
326 721 387 791 his,
420 721 474 803 qui
507 721 576 786 siue
600 720 812 802 argumentati
842 721 911 786 siue
941 721 1129 804 simpliciter
1157 723 1305 790 docentes

153 827 222 894 siue
245 847 320 892 uere
345 826 544 892 adstruentes
569 826 765 916 tradiderunt
787 827 889 902 nobis,
911 828 986 910 quia
1004 828 1147 894 Idumaei
1166 830 1303 894 latrones

151 935 343 1000 Ascalonem
365 933 475 998 urbam
497 933 696 998 Palaestinae
721 933 857 1017 ingressi
881 933 919 998 de
943 935 1016 1000 fano
1035 934 1201 1018 Apollinis,
1220 936 1304 1018 quod

121 1042 292 1106 anicinum
322 1041 420 1104 muris
449 1043 525 1113 erat,
558 1039 761 1122 Antipatrum
786 1040 921 1106 Herodis
952 1041 1118 1106 cuiusdam
1146 1041 1304 1106 hieroduli

151 1147 254 1212 filium
281 1148 364 1211 inter
390 1147 470 1212 alios
504 1146 660 1211 abduxere
694 1146 869 1228 captiuum,
904 1166 998 1230 quem
1031 1153 1120 1230 pater
1151 1149 1328 1214 redimere

151 1259 281 1337 propter
302 1257 521 1336 paupertatem
545 1253 699 1336 nequiuit.
735 1254 763 1318 is
792 1253 892 1338 igitur
914 1253 1045 1318 inbutus
1070 1254 1247 1338 disciplinis
1271 1259 1305 1321 et

150 1361 312 1444 mysteriis
336 1359 525 1426 Iudaeorum
548 1359 693 1443 Hyrcano
713 1360 849 1426 Iudaeae
874 1359 942 1445 regi
966 1361 1106 1426 amicitia
1126 1363 1301 1445 copulatur,
1326 1366 1347 1422 O

151 1488 245 1550 quem
268 1486 324 1550 pro
349 1485 383 1532 so
407 1466 444 1530 ad
464 1467 651 1548 Pompeium
669 1467 835 1550 Hyrcanos
858 1465 1000 1551 legatum
1021 1465 1150 1544 direxitr
1177 1470 1303 1551 etquis

114 1593 137 1630 10
149 1574 320 1658 legationis
342 1573 449 1640 fructu
472 1574 594 1655 potitus
622 1577 682 1644 est,
714 1593 769 1655 per
797 1593 866 1638 eam
896 1573 1030 1658 gratiam
1060 1579 1183 1656 partem
1212 1577 1302 1660 regni

151 1681 335 1746 adfectauit.
366 1680 471 1746 occiso
496 1685 603 1744 autem
622 1681 789 1762 Antipatro
809 1683 938 1763 propter
961 1680 1125 1746 felicitatis
1148 1682 1302 1748 inuidiam

149 1787 235 1854 filius
254 1788 324 1852 eius
339 1787 481 1852 Herodes
501 1791 614 1870 postea
634 1788 693 1852 sub
709 1788 845 1852 Antonio
866 1795 995 1854 senatus
1012 1789 1158 1854 consulto
1174 1789 1301 1854 Iudaeis

149 1913 280 1979 regnare
302 1898 491 1978 praeceptus
511 1899 570 1974 est,
595 1895 688 1960 ouius
712 1895 854 1960 Herodes
878 1895 964 1960 lilius
990 1901 1022 1959 et
1041 1896 1095 1960 alii
1114 1896 1300 1962 tetrarchae.

151 2002 235 2085 quod
263 2002 334 2066 ideo
363 2021 399 2064 ex
423 2000 615 2066 Graecorum
643 2001 785 2066 historiis
816 2002 999 2083 putarimus
1038 2002 1301 2082 transferendum,

109 2127 133 2166 u
150 2113 187 2174 ut
210 2109 328 2172 clareat
349 2107 508 2173 Herodem
531 2109 619 2172 nullo
644 2107 778 2172 adfinem
802 2108 925 2192 generis
956 2108 1144 2172 ludaeorum
1168 2129 1300 2192 reguum

151 2215 327 2280 adulterina
345 2213 455 2278 fraude
476 2215 649 2296 quaesisse.
671 2213 805 2296 denique
822 2214 969 2278 conscius
987 2214 1199 2298 ignobilitatis
1215 2233 1301 2292 suae,

150 2341 187 2385 ne
211 2341 273 2404 qua
296 2321 433 2405 posteris
458 2322 525 2386 suis
550 2321 602 2385 uel
626 2320 664 2385 de
684 2320 878 2402 praescripto
898 2323 1007 2384 uetere
1028 2321 1172 2402 quaestio
1192 2328 1341 2386 moue-D

149 2431 246 2505 retur,
281 2429 454 2512 scripturas
489 2447 597 2492 eorum
626 2428 766 2492 incendit
798 2427 981 2492 existimans
1010 2426 1103 2508 quod,
1133 2427 1161 2492 si
1187 2427 1303 2492 indicia

150 2534 188 2598 de
212 2534 341 2617 publico
366 2534 562 2610 sustulisset,
597 2533 694 2598 nullis
720 2533 791 2598 aliis
816 2533 1008 2598 testimoniis
1034 2534 1150 2598 clarere
1180 2538 1299 2616 posset,

107 2658 133 2702 ro
151 2641 227 2722 quin
247 2641 285 2704 do
303 2639 553 2722 patriarcharum
573 2641 626 2704 uel
646 2641 880 2722 proselytorum
900 2643 1044 2704 ueterum
1064 2659 1176 2724 genere
1196 2640 1299 2704 dema-

150 2752 248 2812 naret.
273 2747 329 2811 sad
353 2751 390 2810 ut
409 2746 558 2829 pleraque
583 2765 676 2810 curae
696 2747 852 2811 humanae
877 2751 962 2822 sunt,
989 2747 1161 2832 cognitioni
1184 2748 1244 2812 hoc
1268 2752 1301 2812 et

67 2847 106 2910 42
150 2853 291 2938 indagini
306 2853 451 2918 ueritatis
466 2852 682 2934 praeiudicare
696 2872 757 2917 non
777 2854 890 2936 potuit.
913 2873 951 2918 ne
972 2854 1063 2920 nobis
1079 2857 1184 2918 tamen
1198 2855 1302 2936 possit

243 3045 255 3098 l
277 3043 310 3098 cf.
328 3041 428 3098 Euseb.
448 3043 519 3096 Hist.
541 3043 637 3096 eccles.
656 3043 670 3098 1
689 3045 717 3107 7;
738 3043 771 3096 de
790 3043 951 3113 patriarchis
970 3045 998 3110 4,
1017 3045 1049 3098 21

188 3169 199 3222 1
223 3165 366 3236 dignitatis
386 3167 417 3220 X
433 3169 499 3234 (-em
520 3183 589 3220 corr.
607 3171 655 3220 m2
674 3166 735 3232 τεν)
844 3167 860 3220 3
884 3149 917 3220 81
931 3184 994 3221 uere
1013 3169 1041 3221 A
1064 3168 1121 3222 siue
1140 3171 1171 3222 ut
1189 3184 1251 3222 uere
1271 3169 1300 3222 Χ

150 3257 167 3308 4
187 3255 338 3308 ascalonam
362 3259 389 3322 (a
412 3261 471 3308 tert.
495 3256 526 3308 in
549 3257 617 3321 raa.)
635 3257 663 3310 B
753 3255 903 3310 therodes
922 3255 978 3310 FO
1001 3263 1025 3310 et
1044 3257 1092 3323 (-ia
1110 3259 1190 3324 corr.)
1208 3258 1243 3324 A,
1262 3261 1299 3322 (-e

151 3347 231 3410 corr.)
255 3343 279 3395 V
345 3345 569 3414 ipaupertatem
589 3347 624 3410 (m
645 3349 728 3408 eruo.)
748 3345 776 3397 A
847 3343 890 3398 his
910 3345 938 3412 (h
959 3347 1042 3412 eras.)
1061 3346 1088 3398 P
1153 3345 1299 3399 ilhircano

150 3433 247 3504 ABG]
319 3431 399 3486 iudae
418 3433 445 3484 A
518 3433 658 3500 copulatur
677 3435 703 3498 (v
721 3449 742 3486 a.
763 3450 777 3486 o
799 3434 848 3486 alt.
867 3437 924 3502 m3)
944 3433 971 3486 P
1042 3433 1201 3487 9hircanns
1220 3432 1303 3486 ABG

150 3519 251 3592 For-p
289 3521 321 3575 13
340 3521 491 3574 tetrarchae
506 3519 604 3590 PEpp·
620 3521 794 3574 thetrarchae
811 3540 828 3572 α
846 3522 986 3575 tetarchoe
1004 3521 1028 3574 0
1044 3522 1183 3575 tetharcae
1197 3521 1302 3576 AFuV

149 3609 289 3663 thetarcae
308 3609 336 3662 B
353 3609 512 3662 thetharcae
535 3609 558 3663 O
577 3608 721 3662 dctharcae
744 3609 768 3663 G
789 3609 946 3664 detrarchae
964 3609 990 3662 L
1100 3614 1133 3664 15
1152 3611 1253 3664 herode
1271 3611 1298 3664 A

186 3697 275 3752 adfine
302 3698 412 3752 ABcr
542 3699 635 3767 generi
664 3698 743 3752 PEL
872 3701 903 3752 17
934 3705 1027 3752 uetere
1054 3696 1152 3768 scripsi
1179 3705 1297 3753 ueterem

151 3785 236 3840 Pm1
255 3786 386 3840 Laetori
406 3787 430 3840 A
452 3791 483 3855 (s.
502 3801 529 3840 u.
548 3789 605 3852 m2)
625 3785 715 3840 Pha
734 3792 781 3839 cet.
834 3787 866 3840 18
886 3788 1036 3840 aestimans
1055 3788 1107 3842 PL
1159 3789 1190 3842 19
1210 3788 1297 3857 possit

151 3875 256 3946 ΔγΤΧ
272 3879 297 3929 el
316 3879 354 3942 (·e
387 3881 468 3941 corr.)
488 3875 545 3928 ΒΕ
597 3875 632 3928 20
652 3875 716 3944 quin
733 3875 881 3943 L'EpLOT
897 3882 923 3930 et
941 3881 969 3944 (n
988 3895 1009 3931 a.
1029 3881 1067 3944 u.)
1086 3878 1174 3930 nadP
1190 3880 1238 3929 m2
1254 3875 1298 3931 Gn

151 3963 196 4032 qui
215 3969 263 4018 cet.
354 3964 547 4032 patriarcarum
566 3963 593 4016 A
683 3965 882 4032 proselytorum
904 3981 921 4014 α
939 3965 1128 4034 proselitorurn
1149 3965 1217 4036 1301
1236 3982 1297 4034 pro·

152 4052 284 4106 silitorum
308 4051 362 4106 AL
384 4053 575 4121 prosylitornm
598 4051 625 4104 P
646 4053 835 4120 prosilidorurn
859 4053 944 4106 FOV
966 4053 1167 4124 prosylydarum
1192 4058 1217 4120 (o
1241 4069 1262 4106 s.
1283 4071 1299 4106 a

150 4145 207 4207 m2)
226 4161 243 4193 π
315 4141 490 4210 generatione
510 4140 555 4192 aB
627 4140 784 4194 demanaret
803 4142 873 4194 PuL
892 4142 1043 4195 dimanaret
1061 4146 1087 4196 A
1106 4145 1125 4209 (i
1144 4144 1176 4196 r'u
1194 4145 1261 4208 roa)
1280 4163 1297 4194 a

150 4233 176 4296 (e
200 4245 221 4282 a.
248 4231 268 4294 i)
296 4229 348 4284 OV
372 4229 522 4282 dimanaret
547 4227 576 4282 F
599 4227 756 4283 demanaret
783 4229 808 4283 G
835 4239 973 4284 emanaret
1000 4231 1072 4300 EhT
1097 4235 1219 4284 manaret
1246 4229 1299 4283 BC

151 4319 183 4372 21
205 4323 248 4372 e·t
266 4323 289 4384 (e
307 4320 388 4384 eros.)
407 4317 434 4370 P

177 4444 269 4484 xxxii.
285 4443 363 4484 Amor.
379 4455 431 4494 pan
444 4445 464 4484 4.
1241 4426 1257 4478 9
