3042 4918
583 409 799 464 Praelatio.
1112 413 1264 477 XXVIIII

111 607 162 680 33,
190 606 249 676 10;
277 602 332 686 al.)
358 621 431 666 curn
456 601 549 665 classi
577 600 611 664 X
633 602 803 676 consentin
827 601 906 666 istas
931 603 1013 667 enim
1036 604 1208 686 scripturas
1231 605 1262 668 in

111 712 269 794 exemplo,
295 729 357 792 quo
382 708 500 773 codicis
524 707 553 772 L
577 709 681 772 scriba
702 728 781 774 usus
814 713 873 780 est,
902 710 1069 790 quominus
1098 710 1263 776 adnotatas

112 820 213 883 luisse
239 822 393 900 putemus
417 815 496 880 nibil
520 815 640 890 obstat;
666 816 838 896 eodemque
857 814 951 880 modo
971 817 1125 898 explicare
1147 820 1262 900 possis,

115 924 277 1008 quomodo
298 925 419 987 lactum
440 923 491 997 sit,
511 925 548 986 ut
567 922 767 1006 grauissimis
788 922 977 1004 quibusdam
996 924 1076 988 locis
1094 923 1123 987 L
1139 943 1156 986 a
1170 923 1202 987 P
1217 945 1263 989 re·

114 1032 218 1106 cedat,
226 1029 322 1094 uelut
331 1030 383 1102 31,
392 1031 430 1092 21
441 1051 449 1104 ς
462 1027 707 1112 162,15(ubiin
720 1026 948 1092 soloPdesunt
959 1029 1120 1093 enuntiata
1129 1031 1264 1113 integra)

113 1143 145 1203 et·
155 1141 211 1212 39,
223 1139 284 1211 24;
300 1137 352 1210 92,
367 1137 416 1198 18.
427 1137 459 1198 at
470 1135 496 1198 si
507 1138 613 1198 tecum
629 1135 836 1218 reputandis,
846 1133 886 1198 iis
896 1135 986 1214 locis,
999 1135 1113 1217 quibus
1128 1136 1159 1200 in
1170 1135 1264 1202 Paul

111 1243 266 1308 librarius
290 1243 360 1325 ipse
385 1246 440 1306 ant
458 1244 606 1305 uetustus
631 1241 685 1304 ille
710 1241 909 1305 amanuensis
932 1241 1013 1326 (ma)
1033 1242 1172 1306 codicem
1197 1261 1262 1307 cor-

110 1351 204 1426 rexit,
229 1349 262 1412 in
284 1347 313 1411 L
336 1346 422 1411 haud
444 1367 512 1411 raro
538 1347 710 1430 scripturas
734 1346 853 1412 codicis
877 1347 1076 1413 corbeiensis
1099 1349 1261 1431 primarias

110 1459 175 1542 legi
196 1475 316 1538 easque
332 1475 350 1518 a
365 1455 459 1519 classi
476 1453 511 1518 X
526 1453 740 1536 discrepantes
748 1452 800 1538 ²³),
814 1453 877 1518 iam
892 1454 1167 1519 uerisimiliustibi
1176 1455 1262 1520 uide·

109 1567 198 1630 bitur
226 1561 261 1626 P
286 1567 318 1627 et
344 1561 375 1624 L
397 1561 437 1626 ad
460 1562 594 1626 eundern
626 1563 745 1626 sontem
769 1581 825 1644 per
847 1561 990 1627 diuersos
1013 1562 1134 1627 uuulos
1158 1565 1194 1627 ut
1217 1563 1263 1628 ita

111 1673 215 1736 dicam
246 1669 357 1734 redire.
387 1688 465 1751 quae
495 1669 523 1732 si
551 1671 635 1733 recte
663 1668 824 1750 disputata
852 1671 936 1748 sunt,
963 1669 1178 1734 recensionem
1210 1671 1262 1734 cui

110 1779 290 1860 scripturae
322 1776 403 1840 istae
435 1776 525 1840 libris
552 1775 644 1839 Pet
670 1773 700 1838 L
732 1794 915 1839 communes
949 1775 1103 1840 debentur
1134 1777 1261 1840 saeculo

110 1889 227 1950 octauo
261 1883 471 1948 uetustiorem
501 1887 594 1965 atque
625 1883 705 1948 libro
727 1881 879 1946 Bobiensi
907 1883 1070 1964 aequalem
1098 1883 1162 1947 fere
1192 1903 1261 1948 esse

110 1998 166 2056 eut
192 1992 308 2056 saltem
333 2009 403 2054 esse
426 2009 520 2072 posse
545 1989 779 2054 concedendum
803 1993 861 2053 est.

155 2098 332 2164 Codicibus
357 2117 436 2179 qnos
465 2096 558 2162 modo
588 2095 815 2178 descripsimus
843 2095 1076 2179 adiungendum
1105 2099 1155 2162 est
1181 2094 1302 2182 frag-d

108 2211 254 2270 mentum
284 2203 527 2268 Berolinense
557 2203 632 2268 Cod.
660 2203 716 2269 lat.
748 2203 803 2267 fol.
833 2205 895 2268 327
928 2204 1045 2268 litteris
1072 2203 1260 2286 Visigoticis

110 2317 275 2376 exoratum
299 2329 381 2374 saec.
405 2307 544 2395 V11129).
570 2313 695 2374 constat
717 2309 797 2373 illud
822 2329 838 2374 e
861 2309 947 2373 loliis
966 2311 1118 2393 quinque;
1144 2310 1259 2391 quibus

111 2438 191 2500 quae
223 2417 327 2502 operis
359 2421 465 2499 partes
496 2417 712 2481 contineantur
738 2415 769 2480 in
799 2418 1019 2500 supplemento
1049 2417 1258 2480 adnotationis

109 2523 261 2588 indicaui.
286 2523 323 2586 de
348 2523 494 2588 foliorum
517 2523 630 2587 horum
655 2523 773 2606 origine
796 2527 834 2586 ut
866 2524 1035 2606 quiequam
1068 2523 1258 2605 explorarem

110 2631 191 2694 milri
215 2651 278 2694 non
302 2631 449 2714 contigit3
474 2629 536 2694 nisi
560 2629 643 2711 quod
664 2649 680 2692 e
698 2629 875 2694 litterarum
900 2630 1049 2694 ductibus
1074 2630 1259 2695 concludere

109 2739 188 2802 licet
218 2737 347 2811 librum,
372 2756 388 2800 e
412 2755 472 2819 quo
502 2737 614 2800 euulsa
646 2740 731 2812 sunt,
760 2737 791 2800 in
816 2737 971 2819 Hispania
997 2738 1151 2819 scriptum
1181 2757 1259 2802 esse.

109 2846 191 2908 liber
220 2844 282 2907 iste
312 2843 406 2907 uerba
433 2843 592 2906 Ambrosii
617 2843 647 2904 in
678 2843 784 2926 capita
811 2843 914 2907 diuisa
942 2843 1117 2918 exhibebat,
1145 2843 1176 2906 in
1200 2843 1258 2906 hac

108 2971 142 3014 re
168 2950 304 3014 aliorum
329 2949 524 3032 quorundam
547 2949 699 3013 librorum
729 2950 842 3014 similis
867 2951 923 3014 sed
946 2951 984 3014 ab
1009 2951 1060 3014 iis·
1077 2949 1258 3016 discordans

109 3060 140 3120 ct
165 3055 307 3120 numeris
332 3057 365 3118 et
385 3055 656 3136 inscriptionibus
682 3055 714 3119 id
743 3056 826 3138 quod
850 3075 885 3119 er
909 3056 968 3119 hac
991 3057 1100 3120 tabule
1123 3055 1257 3138 patebit:

155 3245 188 3316 111)
207 3246 250 3299 Ne
270 3245 392 3314 exempla
410 3245 500 3299 desint
518 3261 618 3316 paucos
638 3245 768 3314 quosdam
787 3247 861 3302 locos
876 3249 908 3299 ut
923 3263 1000 3300 casus
1016 3247 1116 3301 obtulit
1134 3264 1164 3299 er
1177 3247 1257 3300 initio

107 3335 173 3390 libri
192 3334 245 3387 Vll
265 3337 403 3403 excerptos
421 3333 559 3388 indicabo:
581 3335 642 3402 263,
662 3337 691 3402 53
713 3335 773 3402 294,
795 3337 840 3402 14;
860 3337 922 3400 295,
941 3337 988 3400 21;
1008 3337 1130 3400 297,19;
1151 3337 1211 3400 305,
1227 3337 1256 3400 2;

106 3425 169 3484 306,
189 3425 237 3487 21,
258 3423 320 3489 310,
339 3423 386 3487 23,
407 3424 467 3491 323,
482 3427 510 3486 5;
531 3425 591 3487 324,
612 3425 658 3490 21,
679 3427 787 3494 praeter
806 3429 909 3478 ceteros
927 3425 1000 3478 locos
1014 3425 1196 3478 memorabilis
1216 3429 1259 3479 est

106 3515 169 3576 373,
190 3513 206 3566 6
227 3512 273 3564 ubi
293 3511 377 3566 nerba
394 3512 443 3565 illa
461 3511 570 3566 (1011111111
584 3513 709 3580 patriam
730 3513 964 3583 derelinquerem
983 3513 1053 3566 P²X
1074 3514 1210 3582 leguntur,
1229 3515 1256 3568 in

107 3601 173 3655 ΡΨ
192 3601 359 3669 reliquisque
377 3600 454 3654 libris
474 3601 668 3654 desiderantur.

151 3689 184 3756 Ἀ)
203 3689 285 3743 Hand
303 3689 428 3758 ignotum
446 3689 514 3742 mihi
534 3693 576 3742 est
594 3691 779 3759 fragmentum
798 3691 972 3744 Berolinense
992 3691 1156 3746 aGnilelmo
1170 3689 1258 3745 Arndt

104 3781 163 3832 uiro
179 3779 220 3832 rei
239 3776 484 3847 palaeographicae
502 3779 675 3847 peritissimo,
699 3779 746 3848 qni
765 3780 913 3848 scripturae
932 3781 1069 3849 specimen
1087 3780 1115 3833 in
1134 3780 1196 3833 libri
1215 3782 1257 3833 cui

104 3865 266 3921 inscribitur
275 3865 474 3919 ‘Schrifttaseln
485 3881 544 3919 zum
559 3867 703 3920 Gabrauch
717 3867 760 3920 bei
772 3867 968 3935 Vorlcsungen'
978 3867 1044 3920 iaso.
1057 3867 1070 3921 1
1084 3867 1172 3921 Berol.
1190 3867 1258 3922 1874

105 3956 201 4010 tabula
219 3955 237 4010 8
257 3955 274 4007 d
293 3954 397 4025 publici
415 3955 479 4008 iuris
498 3955 572 4023 iecit,
592 3955 700 4009 saeculo
720 3972 791 4008 nono
812 3955 938 4009 adtribui.
964 3959 993 4010 at
1018 3956 1085 4010 mibi
1103 3957 1254 4009 litterarum

104 4047 202 4100 ductus
223 4043 356 4097 simillimi
375 4060 434 4096 esse
452 4043 580 4098 uidentur
598 4043 661 4096 libri
681 4043 878 4098 Escorialensis
897 4044 971 4098 cuins
984 4045 1130 4114 imaginem
1149 4044 1258 4098 exhibet

104 4134 297 4204 Exemplorum
332 4133 480 4201 scripturae
513 4133 680 4203 Visigoticae
710 4133 743 4186 ab
773 4132 893 4187 Eualdio
925 4138 953 4186 et
984 4133 1091 4187 Loeuio
1125 4133 1256 4187 editorum

102 4223 196 4276 tabula
215 4219 294 4284 v111,
315 4235 394 4289 quem
413 4221 530 4276 codicem
552 4227 613 4275 ante
635 4239 734 4276 annum
752 4220 846 4275 DCCL
873 4225 1009 4276 exoratum
1034 4239 1092 4275 esse
1112 4222 1254 4276 uerisirnil.

98 4313 190 4366 limum
212 4315 265 4364 est,
