3086 4938
254 475 319 538 324
500 491 501 496 ’
727 467 923 522 Ambrosii

253 663 419 735 indicium:
444 681 578 743 namque
602 661 822 725 Nineuitarum
848 661 988 742 exemplo
1009 664 1041 724 et
1060 661 1263 726 denuntiatur
1283 662 1404 746 suppli-

254 771 338 833 cium
359 774 391 834 et
408 769 580 834 remedium
602 769 842 833 demonstratur.
864 768 946 832 uude
966 769 1061 832 etiam
1080 768 1196 832 debent
1213 768 1322 833 ludaei
1341 787 1402 833 non
1466 771 1486 824 F

255 877 419 959 desperare
442 875 684 959 indulgentiam,
709 877 736 940 si
760 875 862 938 uelint
885 893 975 958 agere
999 865 1236 957 paenitentiam.

187 981 229 1044 98
298 983 411 1047 Nemo
427 983 615 1047 lucernam
632 982 807 1046 accendit
822 982 906 1046 etin
923 981 1146 1048 abscondito
1161 983 1403 1064 ponitusque

163 1107 198 1164 11,
214 1110 240 1152 ee
255 1091 322 1154 sub
347 1089 480 1166 modio,
505 1089 570 1154 sed
589 1107 701 1172 supra
721 1089 996 1154 candelabrum.
1021 1109 1093 1172 ergo
1113 1089 1188 1170 quia
1211 1088 1242 1154 in
1262 1089 1403 1172 superio·
1434 1112 1447 1152 s

252 1196 340 1261 ribus
373 1195 537 1260 ecclesiam
570 1213 749 1279 synagogae
780 1196 940 1278 praetulit,
974 1196 1118 1260 hortatur
1149 1216 1206 1260 nos
1239 1201 1276 1260 ut
1306 1195 1402 1260 fidem

252 1303 360 1386 potius
382 1307 521 1367 nostram
547 1302 585 1365 ad
609 1303 775 1366 ecclesiam
799 1304 1040 1378 t1·ansferamus;
1061 1303 1193 1366 lucerna
1216 1303 1299 1365 enirn
1322 1301 1401 1366 fides

253 1415 303 1474 est
320 1409 408 1472 iuxta
422 1409 505 1490 quod
526 1409 677 1490 scriptum
700 1411 762 1473 est:
782 1409 936 1474 lucerne
955 1408 1114 1491 pedibus
1134 1408 1226 1472 meis
1246 1409 1399 1472 uerbum

253 1521 367 1590 tuum,
398 1516 558 1590 domium
587 1517 720 1580 uerbum
749 1517 831 1580 enim
858 1515 908 1580 dei
936 1516 1014 1580 fides
1043 1520 1150 1580 nostra
1179 1519 1238 1590 est,
1267 1515 1399 1579 uerbum

252 1623 303 1686 dei
318 1623 370 1686 lun
387 1625 445 1700 est,
465 1622 594 1685 lucerna
613 1627 662 1686 est
680 1622 768 1688 tides.
789 1628 868 1686 erat
886 1623 948 1685 lux
968 1641 1064 1700 uere,
1085 1641 1178 1704 quae
1198 1623 1401 1686 inluminat
1422 1648 1449 1686 ro

252 1747 395 1793 omnem
419 1728 603 1792 bominem
629 1731 843 1794 uenientem
867 1731 902 1794 in
932 1730 1029 1793 huno
1056 1729 1243 1794 mundum.
1272 1731 1399 1793 lucerna

252 1839 358 1900 autem
387 1837 492 1899 lucere
521 1855 581 1900 non
610 1839 717 1917 potest
744 1837 806 1901 nisi
834 1836 960 1900 aliunde
987 1837 1094 1900 lumen
1124 1837 1289 1918 acceperit.
1321 1836 1399 1899 haec
1472 1847 1526 1900 llll

251 1945 302 2004 est
324 1941 452 2005 lucerna
475 1960 554 2022 quae
579 1939 771 2018 accenditur,
800 1941 904 2006 uirtus
934 1941 1057 2006 scilicet
1079 1943 1205 2006 nostrae
1229 1941 1343 2004 mentis
1368 1944 1401 2003 et

252 2067 376 2126 senene,
400 2053 437 2111 ut
459 2067 532 2112 mna
555 2049 610 2111 illa
633 2049 735 2130 possit
759 2068 837 2130 quae
860 2049 996 2131 perierat
1019 2048 1179 2132 repperiri.
1203 2065 1294 2111 nemo
1325 2065 1399 2129 ergo

252 2154 348 2218 tidem
368 2155 426 2218 sub
450 2155 521 2239 lege
546 2156 731 2232 constituat;
756 2155 806 2218 lex
829 2156 912 2220 enim
936 2157 1016 2219 intra
1034 2173 1213 2219 mensuram
1238 2157 1296 2228 est,
1316 2154 1402 2216 ultra
1423 2179 1450 2217 rs

251 2281 431 2326 mensuram
457 2263 572 2345 gratia:
596 2261 645 2325 lex
665 2261 841 2336 obumbrat,
862 2262 964 2346 gratia
982 2261 1143 2326 clarificet.
1169 2265 1201 2325 et
1218 2259 1289 2323 ideo
1308 2279 1401 2322 nemo

250 2368 345 2432 fidem
370 2377 464 2434 suam'
484 2369 566 2432 intra
589 2389 768 2432 mensuram
791 2369 872 2452 legis
900 2369 1049 2444 includat,
1079 2369 1135 2432 sed
1164 2367 1203 2431 ad
1232 2367 1400 2430 ecclesiam

251 2475 401 2542 conferat.
439 2475 470 2538 in
510 2495 571 2556 qua
609 2476 803 2556 septiformis
836 2475 968 2557 spiritus
1001 2475 1122 2539 relucet
1157 2474 1267 2558 gratia,
1306 2492 1400 2554 quam

250 2582 394 2663 princeps
417 2581 471 2644 ille
491 2582 690 2646 sacerdotum
710 2582 832 2666 fulgore
852 2601 1004 2664 supernae
1024 2581 1200 2646 diuinitatis
1219 2579 1401 2656 inluminat,

184 2689 226 2752 99
250 2707 288 2751 ne
317 2706 385 2750 eam
412 2688 494 2770 legis
523 2689 635 2752 umbra
662 2689 846 2772 restinguat.
880 2689 1014 2770 denique
1041 2689 1171 2752 lucerna
1202 2687 1268 2764 illa,
1302 2704 1398 2768 quam
1421 2713 1448 2752 so
1473 2699 1493 2752 B

250 2793 416 2857 matutinis
449 2795 700 2876 uespertinisque
738 2796 933 2876 temporibus
970 2795 1033 2858 ritu
1070 2800 1177 2859 uetere
1208 2793 1400 2858 Iudaeorum

250 2901 396 2984 princeps
426 2902 625 2966 sacerdotum
654 2903 777 2966 solebat
803 2903 981 2980 accendere,
1010 2903 1101 2966 uelut
1124 2901 1182 2965 sub
1206 2899 1313 2963 modio
1337 2900 1402 2962 sita

250 3007 332 3089 legis
362 3009 492 3073 euanuit
519 3013 551 3073 et
579 3009 693 3072 ciuitas
722 3009 778 3073 illa
805 3009 1003 3074 Hierusalem
1037 3027 1116 3090 quae
1148 3008 1180 3071 in
1213 3006 1305 3070 terris
1338 3009 1400 3072 est.

251 3131 330 3194 quae
346 3114 462 3178 occidit
476 3115 656 3197 prophetes,
676 3116 765 3196 quasi
787 3117 817 3179 in
837 3117 979 3180 conualle
999 3115 1093 3178 fletus
1111 3114 1215 3196 posita
1235 3112 1400 3178 delitiscit.

341 3359 480 3420 aucte,
503 3359 534 3411 19
609 3359 688 3411 8Ps.
710 3359 840 3426 118,105
916 3357 1106 3424 1010n.1,e
1182 3358 1214 3410 14
1232 3357 1298 3411 Luc.
1320 3357 1399 3418 lae

252 3447 600 3516 lustramentum
628 3449 669 3510 10,
696 3450 717 3509 l,
744 3447 895 3516 Colossi,
921 3450 953 3502 16
1063 3450 1096 3501 19
1123 3447 1398 3510 econamum

250 3537 285 3592 20
304 3536 390 3590 Exod.
410 3536 453 3600 27,
472 3537 507 3590 20
527 3553 567 3605 sq.
622 3537 656 3589 23
678 3537 765 3590 Galat.
784 3541 809 3606 4,
830 3538 863 3590 25
919 3538 954 3590 24
974 3537 1073 3592 Matth.
1093 3538 1136 3604 23,
1156 3537 1199 3605 37,
1219 3536 1263 3588 Pe.
1282 3536 1325 3596 83,
1346 3537 1361 3588 i

290 3659 452 3713 lindicinm
472 3661 536 3725 (ium
557 3660 692 3725 exulum)
713 3661 740 3712 A
811 3661 940 3730 namque]
961 3677 1023 3713 nam
1043 3659 1094 3713 PL
1153 3658 1279 3712 2iudaei
1298 3657 1401 3712 debent

273 3751 342 3818 ΟΧχ
397 3749 575 3804 3uelliutA
630 3749 787 3803 discendit
806 3751 836 3802 X
909 3751 1077 3820 absconsos
1132 3747 1401 3818 bsupcr·P(erin

248 3844 317 3903 roa.)
339 3839 379 3907 Er
387 3837 410 3890 Τ
499 3839 513 3890 'l
534 3839 643 3892 lucerna
655 3838 833 3907 ...scripturn
855 3843 897 3892 est
915 3857 937 3893 e,
956 3857 983 3892 u.
1003 3843 1049 3892 md
1068 3840 1094 3892 A
1197 3839 1212 3890 9
1233 3837 1287 3906 dei}
1307 3825 1353 3890 dni
1372 3838 1404 3890 P

254 3928 286 3980 12
306 3929 408 3993 erstem]
430 3926 500 3978 eninr
516 3927 563 3994 Χχ
620 3927 754 3980 aliundem
770 3927 797 3979 P
814 3930 851 3994 (m
872 3927 990 3996 crule
1029 3929 1062 3981 14
1076 3931 1107 3979 ut
1125 3944 1189 3980 urna
1202 3927 1298 3995 ditono
1316 3926 1403 3978 tacite

250 4019 281 4066 ut
300 4015 373 4066 ruina
394 4013 417 4066 0
433 4019 463 4068 ut
483 4016 570 4067 anima
589 4017 615 4068 A
635 4020 666 4068 ut
684 4032 760 4068 mnas
780 4016 806 4068 P
823 4020 882 4084 (rias
901 4017 933 4069 tu
951 4033 1006 4070 ruo.
1026 4033 1060 4068 ru.
1081 4019 1150 4081 unt.)
1170 4015 1198 4068 B
1217 4021 1248 4067 ut
1265 4015 1354 4068 minus
1372 4013 1402 4068 L

250 4107 281 4154 ut
304 4119 380 4156 mens
405 4121 422 4153 α
445 4105 477 4155 ut
501 4105 612 4171 dragma
636 4123 654 4172 χ
677 4105 780 4156 utinam
806 4106 827 4156 si
852 4106 895 4170 X;
919 4105 953 4172 cf.
979 4104 1059 4158 VIII
1077 4108 1109 4158 91
1182 4104 1257 4174 ergo]
1279 4105 1349 4156 enirn
1370 4104 1406 4157 X

252 4193 284 4246 17
305 4191 340 4245 ad
358 4209 379 4244 e.
399 4209 425 4244 u.
446 4192 472 4244 P
554 4193 585 4244 18
606 4193 634 4244 iu
654 4193 718 4261 qna]
740 4193 803 4260 quia
822 4193 873 4245 PL
955 4195 987 4246 21
1009 4194 1138 4262 temporis
1157 4193 1184 4246 P
1200 4197 1242 4246 ani
1263 4193 1309 4260 (bu
1328 4209 1350 4247 s.
1369 4211 1402 4247 u.

248 4285 307 4348 aad)
327 4281 353 4334 L
426 4281 510 4333 ueteri
532 4281 604 4333 aUX
712 4283 746 4334 22
765 4281 884 4336 modium
905 4282 931 4334 P
949 4284 998 4350 (·io
1019 4287 1098 4348 cor-r.)
1117 4281 1143 4335 L
1216 4285 1269 4336 sita
1288 4287 1311 4352 (s
1331 4283 1404 4338 add.

250 4373 307 4437 rn2)
326 4369 353 4422 P
371 4369 506 4423 delitescit
525 4369 629 4438 ΕγΤΧ
