3086 4938
293 440 430 510 llrpositio
451 441 587 510 euangelii
606 441 693 495 Lucae
713 441 780 495 VIII
799 443 868 496 5-9
888 441 965 508 (1471
988 443 1119 496 11-1472
1140 442 1182 510 o).
1246 447 1310 508 395

76 635 97 689 tl
169 635 295 712 scindit,
319 635 434 698 diuidit
458 653 582 718 eorpus.
607 638 745 700 ostendit
769 641 874 700 autem
899 637 949 700 lrio
973 637 1063 701 locus
1088 657 1167 718 quae
1186 641 1315 720 propter
1335 641 1403 694 1412
1423 643 1446 692 Α

169 743 371 828 fragilitatem
395 741 565 806 humanam
589 743 706 825 scripta
730 749 805 808 sunt
827 763 887 806 non
912 759 929 807 a
953 743 1010 807 deo
1031 744 1157 826 scripta.
1181 745 1263 808 unde
1283 749 1315 808 et

170 849 334 932 apostolus
358 849 535 913 denuntio
559 849 662 931 inquit
684 869 754 914 non
779 869 856 934 ego,
882 850 945 914 sed
969 851 1140 914 dominus
1164 870 1313 914 uxorem

171 957 292 1020 nniro
316 974 385 1019 non
414 956 607 1020 discedere
636 961 669 1020 et
695 957 777 1020 infra
804 958 964 1021 caeteris
992 957 1097 1040 inquit
1124 975 1191 1040 ego
1220 957 1313 1032 dieo,

140 1081 239 1126 anon
265 1061 451 1125 dominus:
476 1062 508 1124 si
532 1063 615 1145 quis
635 1063 752 1126 frater
770 1063 966 1126 iulidelem
985 1063 1097 1126 lrabat
1115 1083 1263 1127 uxorem
1283 1071 1316 1126 et

171 1168 320 1250 relinquit
343 1187 422 1234 enm.
446 1169 553 1249 itaque
577 1169 630 1232 ubi
657 1172 706 1233 ost
729 1169 819 1250 inpar
841 1169 1035 1252 coniugium,
1059 1167 1194 1232 addidit:
1219 1170 1315 1250 quod

172 1277 202 1340 si
240 1273 412 1340 infidelis
460 1275 632 1348 discedit,
676 1275 856 1340 discedat.
896 1275 992 1339 simul
1029 1275 1112 1338 idem
1151 1275 1315 1356 apostolus

172 1383 300 1464 negauit
331 1381 412 1465 legis
443 1401 511 1446 esse
540 1381 675 1456 diuinae,
708 1387 745 1445 ut
778 1381 959 1464 coniugium
989 1381 1218 1464 qualecumque
1256 1382 1315 1445 sol-

173 1494 276 1564 uatur,
303 1507 360 1551 nee
392 1489 460 1570 ipse
494 1489 653 1570 praecepit
684 1507 742 1552 nec
775 1488 862 1551 dedit
893 1487 1052 1552 deserenti
1085 1488 1358 1565 auetoritatenr‚B

79 1597 99 1655 tl
129 1627 152 1662 m
172 1596 227 1658 sed
246 1595 371 1677 eulpam
390 1595 525 1658 abstulit
542 1595 704 1660 destituto.
728 1595 804 1658 haee
824 1595 994 1658 moraliter.
1013 1597 1119 1659 tamen
1136 1595 1209 1676 quia
1223 1613 1317 1675 supro

34 1723 61 1762 m
80 1737 115 1772 sq.
174 1701 339 1784 proposuit
370 1719 502 1783 reguum
535 1699 585 1764 dei
617 1701 825 1782 euangeli'unri
856 1707 888 1764 et
921 1720 992 1764 oum
1022 1701 1154 1765 dixisset
1181 1701 1219 1764 de
1247 1703 1316 1783 lege

176 1933 323 1978 uxorem
343 1933 445 1978 suam
466 1917 501 1976 et
521 1914 626 1976 ducit
646 1915 800 1978 alteram
817 1915 1042 1978 moechatur.
1061 1921 1146 1978 reete
1161 1921 1320 1978 ammonet

175 2021 339 2104 apostolus
363 2020 469 2084 dicens
493 2025 724 2084 sacramentum
748 2021 808 2084 hoo
828 2041 977 2101 magnum
997 2041 1066 2086 esse
1087 2021 1124 2085 de
1144 2021 1269 2086 Christo
1289 2027 1320 2084 et

134 2147 158 2184 1⁵
177 2127 319 2191 ecelesia.
348 2126 472 2191 iuuenis
502 2127 600 2210 igitur
623 2127 804 2210 coniugium
831 2128 914 2209 quod
943 2148 1034 2193 nemo
1063 2129 1188 2192 dubitet
1215 2148 1233 2192 a
1261 2128 1318 2191 deo

176 2235 328 2310 iunctum,
363 2235 531 2315 cumipse
560 2234 658 2298 dieat:
690 2253 792 2298 nemo
828 2236 932 2298 uenit
960 2235 1003 2298 ad
1032 2255 1086 2298 me
1114 2235 1187 2298 nisi
1216 2239 1320 2316 pater

175 2361 290 2412 mens,
316 2339 378 2423 qui
402 2341 508 2404 misit
531 2359 595 2416 me,
620 2340 827 2404 adtraxerit
850 2361 946 2412 eum:
970 2342 1024 2405 ille
1049 2341 1130 2405 enim
1156 2343 1243 2406 solus
1263 2341 1361 2404 hooc

176 2447 303 2531 nuptiae
320 2449 426 2529 potuit
444 2447 600 2528 copulare.
625 2451 657 2512 et
675 2448 745 2513 ideo
767 2449 899 2532 mystice
924 2447 1072 2513 Salomon
1096 2449 1187 2512 dixit:
1214 2469 1231 2512 a
1254 2448 1320 2512 deo

179 2555 464 2638 praeparabiIur
491 2556 571 2618 uiro
601 2573 700 2618 uror.
735 2557 785 2618 uir
813 2555 968 2630 Christus,
996 2575 1074 2618 uxor
1101 2556 1234 2619 ecelesia
1262 2559 1322 2630 est,

134 2684 160 2721 m
180 2663 309 2726 caritate
341 2681 427 2738 uror,
460 2661 641 2746 integritate
674 2662 775 2744 uirgo.
814 2681 887 2744 ergo
921 2681 1014 2744 quem
1049 2661 1126 2724 deus
1159 2662 1253 2725 traxit
1285 2661 1323 2722 nd

181 2769 280 2832 lilium
304 2789 363 2832 nou
389 2773 513 2849 separet
535 2769 723 2849 persecutio,
748 2787 807 2832 non
833 2771 956 2832 auertat
977 2768 1111 2844 luxuria,
1141 2787 1199 2832 uou
1224 2767 1324 2849 philo-

180 2875 291 2959 sophia
315 2875 530 2958 depraedetur,
556 2895 615 2938 non
644 2875 831 2938 Manielrous
860 2875 1061 2950 contaminet,
1086 2895 1145 2938 non
1173 2875 1324 2938 Arrianus·

181 2986 312 3060 auertat,
350 3001 409 3046 non
444 2981 642 3046 Sabellianue
673 2981 802 3045 inficiat.
836 2981 913 3044 deus
947 2981 1058 3046 iunxit.
1095 2981 1231 3044 Iudaeus
1265 3001 1324 3044 non

181 3094 314 3170 separet.
346 3089 479 3153 adulteri
508 3093 583 3152 sunt
610 3107 718 3151 omnes
748 3087 801 3170 qui
830 3087 1005 3152 adulterare
1033 3088 1166 3168 eupiunt
1192 3087 1265 3150 fidei
1295 3091 1326 3150 et

136 3215 162 3253 2⁵
182 3197 353 3278 sapientiae
377 3197 552 3261 ueritatem.

272 3459 399 3514 31Cor.
420 3460 444 3524 7,
466 3459 498 3512 10
570 3457 796 3516 ordenare
869 3457 997 3510 dICor.
1018 3459 1041 3522 7,
1064 3459 1095 3509 15
1175 3458 1207 3510 13
1228 3456 1327 3525 upum.

184 3554 209 3606 5.
237 3549 271 3602 32
360 3551 391 3602 16
420 3547 477 3603 Ioh.
506 3549 531 3613 6,
559 3549 593 3600 44
682 3549 713 3600 Ill
738 3545 864 3602 Prouerb.
891 3548 931 3608 19,
959 3549 990 3598 14
1076 3547 1107 3598 21
1134 3547 1209 3600 Ilum.
1235 3551 1258 3603 8.
1284 3546 1326 3598 35.

185 3637 287 3692 coloss.
306 3637 367 3698 ·2‚8

223 3811 429 3879 11001311οχ
484 3811 548 3863 ‘let
566 3828 616 3866 om.
637 3811 667 3862 X
720 3809 1156 3878 thabetuxoreminlidelrmq
1210 3807 1327 3862 trelin-

186 3903 245 3970 qnit
264 3919 322 3954 eam
341 3899 447 3952 Peon
465 3899 601 3968 relinquet
621 3917 678 3952 eam
699 3900 729 3952 X
746 3900 856 3968 reliquit
876 3916 933 3952 earu
953 3918 970 3950 α
989 3900 1094 3968 reliqna
1112 3917 1129 3968 χ
1180 3903 1245 3966 port
1264 3914 1327 3950 con-

185 3991 287 4058 iugium
314 3989 379 4042 aad.
403 3990 444 4042 lex
468 3989 510 4042 dei
534 4006 587 4042 non
614 3995 660 4041 eet.
686 3999 713 4040 et
738 3989 798 4057 αΟχ
907 3989 920 4040 7
943 3993 1006 4054 poet
1023 3987 1094 4040 idem
1116 3986 1182 4043 add.
1201 3990 1229 4040 et
1247 3985 1328 4055 lucy„

185 4083 201 4134 9
221 4079 362 4134 deserendi
378 4097 395 4128 α
433 4081 465 4132 lo
481 4079 513 4132 de
533 4080 661 4132 instituto
681 4079 752 4131 PLu
771 4085 794 4131 et
814 4078 858 4145 (de
879 4078 944 4132 add.
961 4081 1015 4145 ru2)
1031 4079 1057 4130 Β
1096 4061 1125 4130 11
1143 4077 1328 4146 euangelizara

185 4169 319 4222 PBCGL
358 4171 389 4222 14
410 4175 437 4222 et
457 4169 489 4222 de
509 4169 622 4222 eeclesia
637 4170 680 4221 αθ
718 4171 748 4220 15·
769 4168 874 4220 iuuenis
894 4180 916 4223 ln
937 4167 1003 4219 add.
1018 4171 1074 4232 aaa)
1089 4166 1146 4219 PX
1164 4170 1287 4234 (prodar
1302 4169 1329 4232 u)

189 4259 218 4310 li
238 4259 330 4328 potuit
348 4259 396 4310 has
416 4259 524 4326 nuptiae
543 4277 561 4327 χ
644 4257 676 4310 18
696 4263 723 4310 et
743 4257 803 4309 ideo
823 4259 861 4319 (et
880 4257 889 4308 i
909 4258 937 4308 r'u
957 4259 1024 4322 rua)
1044 4257 1069 4308 P
1140 4257 1174 4307 20
1195 4272 1257 4320 ergo
1278 4271 1328 4307 our.

186 4349 260 4417 ΒΧχ
334 4347 380 4400 dria
400 4367 418 4415 χ
472 4347 506 4398 21
526 4346 649 4398 adultera
667 4349 719 4412 (ra
742 4345 773 4412 (l)
794 4345 926 4414 recipiunt
944 4345 975 4396 X
