3112 4936
207 397 272 460 208
679 390 877 443 Ambrosii

208 589 292 652 enim
312 587 412 652 esurit
432 587 581 652 esurienti
603 587 790 669 conpatitur,
807 585 1017 670 conpatiendo
1032 585 1176 670 largitur,
1192 583 1354 670 largiendo

207 695 245 758 lit
263 695 379 774 iustus,
396 694 469 776 quia
484 692 654 758 iustitia
674 693 762 757 sius
782 696 915 756 manet
933 692 970 756 in
991 694 1204 756 aetornum.
1224 689 1305 754 unda
1321 689 1354 752 in

208 801 370 864 Matthaeo
395 799 482 863 sitim
512 802 544 863 et
571 799 686 862 famem
716 799 933 882 intellegimus
962 798 1148 882 spiritalem,
1173 815 1236 880 qua
1264 796 1354 860 cibus

208 907 351 971 iustitiae
371 906 568 971 desideratur
587 909 643 969 aut
662 909 767 987 potus,
788 905 863 987 quia
880 905 984 969 uirtus
1006 904 1097 986 quasi
1116 903 1247 968 materia
1262 921 1355 985 quae·

209 1014 281 1077 dam
304 1013 460 1076 uirtutum
484 1015 542 1086 est,
567 1015 604 1075 ut
622 1011 727 1075 iustus
748 1011 913 1093 aequalem
933 1029 966 1074 se
985 1008 1186 1073 inferioribus
1206 1012 1355 1091 praestet,
1389 1033 1405 1074 s
1435 1011 1459 1066 O

142 1119 185 1184 66
209 1119 320 1185 dolum
343 1119 498 1195 excludat,
523 1119 689 1183 ueritatem
714 1118 860 1200 requirat.
885 1117 996 1181 beati
1017 1117 1083 1198 qui
1103 1135 1204 1180 nunc
1226 1116 1355 1192 fletis,

128 1247 194 1301 aar
211 1226 304 1310 qnia
326 1225 534 1290 ridebitis.
560 1225 657 1290 habes
687 1223 897 1308 prudentiam,
926 1223 1017 1287 euius
1047 1227 1096 1287 est
1123 1222 1197 1287 llere
1226 1221 1356 1286 occidua

210 1337 242 1396 et
265 1351 301 1398 ea
324 1351 403 1414 ques
430 1335 555 1397 aeterna
583 1335 658 1395 suut
686 1349 845 1414 quaerere,
874 1332 984 1412 lugere
1008 1328 1192 1405 saecularia,
1218 1347 1356 1410 quaese

210 1440 280 1521 ipsa
303 1442 513 1522 conpugnant,
539 1437 632 1501 deum
656 1437 743 1518 pacis
768 1437 937 1519 inquirere,
967 1436 1035 1518 qui
1063 1436 1195 1499 stulta
1221 1433 1357 1499 mundi

211 1545 353 1628 elegit,
378 1548 421 1609 ut
445 1543 672 1608 confundat
694 1544 905 1627 sapientes
931 1545 969 1606 et
992 1543 1059 1625 qui
1084 1561 1127 1606 ea
1155 1561 1255 1624 quae
1284 1560 1357 1604 uon
1379 1565 1406 1604 ιο

145 1653 185 1717 67
211 1654 306 1716 sunt
329 1651 522 1730 destruet,
547 1655 590 1714 nt
623 1653 841 1732 quaesunt
868 1649 1005 1732 possit
1032 1649 1219 1732 adipisci.
1248 1647 1358 1712 beati

130 1757 345 1834 e,ereritis,
376 1751 462 1821 erim
491 1776 562 1822 uos
592 1756 755 1820 oderint
781 1756 972 1820 homines.
1003 1755 1101 1820 habes
1128 1753 1358 1828 fortitudinem,

212 1863 268 1928 sed
296 1881 364 1926 eam
394 1881 473 1946 quae
502 1883 562 1928 aon
592 1862 700 1927 odium
729 1864 886 1926 mereatur
909 1881 945 1925 ex
969 1861 1108 1936 crimine,
1135 1861 1191 1925 sed
1214 1879 1359 1943 persecu·
1429 1875 1455 1928 D

212 1971 330 2034 tionem
362 1971 501 2052 patiatur
534 1988 570 2034 er
604 1969 681 2044 tide;
720 1969 765 2033 sia
799 1970 882 2034 enim
915 1968 954 2032 ad
986 1969 1144 2051 passionis
1176 1967 1361 2051 pemanitur

213 2093 370 2152 coronam,
409 2077 435 2139 si
473 2076 607 2160 gratiam
645 2075 808 2140 hominum
841 2074 999 2159 neclegas,
1033 2074 1172 2138 diuinam
1206 2074 1357 2156 sequaris.
1381 2097 1406 2138 ιι

213 2183 347 2265 denique
370 2186 407 2247 ut
430 2183 513 2247 scias
537 2182 841 2248 consummationem
866 2201 936 2247 esse
955 2181 1149 2246 fortitudinis
1170 2181 1359 2264 passionem,

132 2289 436 2366 c,·.›aseoundum
469 2289 566 2352 haec
598 2288 701 2370 inquit
734 2287 943 2352 faciebant
975 2287 1188 2370 prophetis
1221 2289 1359 2368 patres

213 2415 357 2472 eorum,
377 2396 450 2476 quia
466 2395 638 2476 prophetas
652 2393 764 2458 ludaei
779 2413 880 2476 usque
896 2393 933 2458 ad
948 2399 1082 2458 mortem
1102 2393 1240 2476 corporis
1256 2411 1359 2476 perse·

213 2503 280 2567 orati
303 2505 387 2565 sunt.
412 2505 461 2564 est
480 2500 573 2564 etiam
593 2500 787 2564 fortitudinis
806 2501 885 2564 imm
905 2501 1032 2564 uincere
1050 2499 1359 2584 indignationemque

214 2607 369 2686 cohibere,
384 2626 419 2671 ac
433 2627 488 2691 per
501 2608 561 2671 hoo
577 2606 728 2671 fortitudo
746 2607 884 2671 animum
903 2607 989 2670 iuxta
1004 2625 1181 2688 corpusque
1196 2605 1360 2669 confirmat
1379 2630 1405 2669 ao

213 2733 270 2778 noc
293 2713 453 2796 pertubari
477 2713 554 2777 sinit
576 2713 689 2777 timore
713 2713 819 2795 aliquo
838 2713 891 2777 uel
911 2713 1027 2790 dolore,
1048 2712 1163 2795 quibus
1182 2713 1273 2776 uelut
1292 2731 1358 2795 pra·
1431 2726 1452 2780 E

145 2831 189 2896 68
215 2821 264 2884 uis
300 2819 525 2902 interpretibus
562 2819 749 2902 plerumque
786 2819 994 2902 percellimur.
1036 2837 1110 2903 ergo
1152 2818 1359 2900 temperantia

214 2926 317 2991 cordis
332 2927 427 2990 habet
441 2925 599 3008 animique
620 2925 817 3004 munditiam,
837 2927 961 2991 iustitia
974 2925 1233 2998 misericordiam,
1248 2943 1358 3007 pacem

215 3032 390 3114 prudentie,
415 3032 690 3097 mansuetudinem
713 3031 876 3097 fortitudo.

147 3151 190 3216 69
262 3137 339 3203 Uae
362 3137 481 3203 rrobis
506 3137 722 3214 diuitibus,
748 3138 814 3219 qui
838 3137 1001 3202 habetis
1033 3138 1357 3203 consolationem
1378 3159 1404 3201 aa

133 3271 160 3322 e,
173 3271 199 3314 ιι
215 3245 406 3308 arestrsm!
443 3243 520 3307 licet
555 3243 586 3307 in
619 3243 807 3325 pecuniariis
845 3243 943 3326 copiis
977 3243 1077 3308 multa
1110 3243 1173 3308 sint
1203 3243 1358 3309 lenocinia

300 3451 379 3504 2Ps.
402 3451 496 3513 111,9
570 3443 703 3504 alderti.
724 3453 749 3518 5,
768 3453 784 3504 d
857 3451 965 3505 eitum.
981 3453 1022 3516 15,
1042 3453 1084 3514 33,
1104 3452 1117 3505 Ι
1136 3450 1195 3506 Cor.
1218 3453 1241 3520 1,
1261 3451 1295 3505 27
1315 3469 1355 3522 sq.

219 3540 250 3594 18
269 3539 366 3593 illstth.
386 3539 428 3601 23,
449 3540 491 3608 30,
511 3539 587 3592 Rom.
609 3541 650 3602 ll,
669 3541 685 3594 3

251 3663 357 3717 :lande
377 3667 459 3736 atax
523 3665 645 3734 liquis.
664 3681 692 3718 a.
711 3664 738 3717 P
800 3664 975 3718 locciduam
996 3670 1032 3731 (ιιι
1052 3665 1103 3718 del.
1123 3666 1225 3730 2113)P
1291 3666 1356 3720 ase

212 3770 265 3806 ora.
285 3753 316 3804 X
369 3755 384 3806 9
403 3753 462 3822 ipse
484 3752 507 3806 0
526 3758 550 3806 et
568 3753 639 3822 (ipsa
658 3755 714 3820 m2)
734 3753 794 3826 ἣτε
813 3755 873 3823 ipsd
892 3757 920 3822 (a
939 3755 970 3806 ia
987 3769 1042 3807 rao.
1061 3757 1117 3820 m2)
1142 3753 1166 3804 V
1237 3771 1356 3824 conpun-

215 3845 281 3910 gent
302 3841 338 3909 Os
362 3845 536 3910 conpugncnt
554 3862 571 3893 π
596 3846 622 3906 (n
650 3842 698 3895 alt.
723 3846 794 3911 cap.)
817 3849 842 3895 et
865 3845 895 3906 (s.
915 3847 962 3895 ιιι2
984 3846 1169 3912 conpungunt)
1189 3841 1219 3895 F
1236 3859 1356 3912 conpun-

213 3932 284 4000 gunt
301 3929 329 3982 B
429 3929 461 3984 10
481 3930 526 3998 qui
545 3947 596 3984 cm,
614 3949 643 4000 q,-
663 3931 725 3999 quia
745 3932 774 3982 X
792 3935 818 3996 (a
837 3931 887 3984 del.
907 3929 962 3997 Fa)
1063 3933 1092 3984 11
1115 3931 1238 3985 destruat
1256 3949 1308 3986 ona.
1327 3933 1357 3986 X

251 4019 357 4090 possint
376 4019 405 4072 Ε
423 4019 443 4082 (1
463 4035 495 4072 aa
513 4024 541 4084 u)
564 4017 604 4088 Gq
624 4025 739 4089 possunt
762 4019 785 4071 T
822 4020 853 4072 13
873 4021 1107 4089 persequutionem
1126 4020 1211 4075 For
1249 4024 1281 4076 14
1295 4039 1356 4091 pas-

215 4112 304 4164 siones
323 4109 369 4176 (·is
388 4112 445 4172 m2)
465 4108 522 4161 PV
584 4110 616 4162 18
635 4109 753 4178 corporis
773 4125 823 4166 om.
844 4109 875 4162 X
945 4111 1099 4180 persequuti
1118 4109 1203 4164 FOV
1264 4111 1297 4165 19
1316 4111 1355 4164 in-

215 4199 398 4268 dignationem
419 4201 479 4265 (om.
500 4199 562 4268 que)
582 4197 625 4250 ac
677 4199 711 4251 20
730 4199 805 4252 iuxta
823 4213 874 4252 orn.
894 4216 911 4268 χ
975 4200 1009 4252 24
1029 4199 1171 4268 prudentia
1189 4203 1216 4268 (a
1235 4217 1268 4254 ea
1286 4203 1311 4268 1)
1332 4201 1359 4254 Ρ

211 4290 249 4342 25
268 4287 481 4342 consulationem
499 4287 526 4340 P
