3042 4918
256 387 298 448 20
724 379 919 432 Ambrosii

255 580 447 646 munitiones
475 579 632 644 militibus
663 578 780 645 Christi
809 578 923 644 dehent
950 597 1074 660 semper
1106 599 1176 645 esse
1208 584 1398 663 praesentia,

255 705 292 751 ue
317 706 390 751 cum
413 686 536 752 uenerit
559 685 620 750 dux
644 686 790 750 caelestis
810 685 954 764 militiae,
975 687 1038 750 situ
1058 689 1239 752 nostrorum
1259 689 1397 754 offensus
1446 706 1501 758 1271

254 813 412 859 armorum
436 813 454 858 a
475 793 638 878 legionum
663 811 790 856 suarum
813 811 870 856 nos
895 792 1047 857 societate
1071 793 1239 860 discernat.

163 935 242 990 mm,
298 901 394 964 Fuit
421 899 527 982 inquit
554 900 592 964 in
622 897 766 963 diebus
795 898 969 963 Herodis
1000 899 1110 983 regis
1139 899 1313 966 Iudaeae
1341 921 1396 966 sa-

253 1007 397 1073 cerdos
423 1005 584 1090 quidam
609 1005 767 1070 nomine
791 1005 1034 1070 zaccharias
1059 1005 1103 1070 de
1127 1007 1218 1072 uice
1237 1007 1337 1072 Abia
1357 1013 1396 1072 et
1428 1024 1441 1063 ⁵

251 1133 349 1179 uxor
378 1114 467 1178 eius
496 1112 540 1177 de
570 1112 745 1177 filiabus
768 1113 897 1177 Aaron
927 1115 965 1176 et
992 1131 1131 1177 nomen
1157 1114 1395 1179 1111111111-

250 1222 327 1287 bet.
363 1224 401 1287 et
434 1223 547 1286 eraut
580 1220 692 1284 ambo
725 1217 839 1296 iusti,
867 1218 1107 1284 incedentes
1135 1220 1173 1284 in
1207 1219 1394 1286 omnibus

250 1327 454 1392 mandatis
488 1330 527 1391 et
563 1325 952 1390 iustificationibus
991 1325 1143 1391 domiui
1181 1327 1269 1391 sine
1307 1347 1394 1410 que-

187 1439 226 1502 15
251 1435 362 1499 rella.
395 1434 488 1498 docet
519 1453 576 1498 nos
610 1432 766 1514 scriptura
798 1432 905 1496 diuina
933 1450 993 1495 non
1023 1433 1127 1496 solum
1154 1451 1259 1498 moros
1286 1433 1319 1497 in
1343 1434 1393 1502 his

250 1541 304 1623 qui
332 1539 561 1623 praedicabiles
589 1542 673 1617 sunt,
703 1538 758 1604 eed
787 1539 880 1603 ctiam
910 1542 1055 1621 parentes
1083 1543 1226 1622 oportere
1259 1539 1479 1620 landertun

251 1652 286 1712 ut
318 1647 420 1710 ueluti
452 1647 641 1711 transmissa
671 1646 881 1710 inmaculatos
914 1645 1063 1727 puritatis
1091 1645 1249 1712 hereditas
1278 1648 1309 1712 in
1343 1647 1393 1712 his

250 1774 327 1837 quos
365 1753 515 1819 uolumus
551 1753 680 1817 laudere
716 1753 893 1834 praecellat.
932 1771 1012 1836 quae
1045 1754 1128 1817 enim
1161 1755 1223 1818 alia
1258 1754 1393 1819 intentio

248 1861 308 1926 hoc
331 1860 401 1925 loco
426 1859 525 1925 sancti
550 1859 766 1943 euangelistae
789 1860 851 1924 nisi
869 1863 907 1924 ut
925 1865 1053 1924 sanctus
1072 1861 1227 1926 Iohannes
1246 1861 1394 1944 Baptista

248 1967 434 2032 nobilitetur
455 1967 639 2051 parentibus
663 1967 825 2032 miraculis
848 1967 990 2032 moribus
1009 1986 1138 2032 munere
1156 1969 1325 2050 passione?
1345 1969 1392 2033 sio

249 2074 344 2139 etiam
370 2074 471 2139 sancti
490 2071 642 2138 Samuhel
665 2076 765 2138 mater
782 2073 873 2138 Anna
894 2073 1051 2152 laudatur,
1072 2075 1119 2139 sic
1137 2075 1227 2138 Isaac
1247 2094 1265 2139 a
1282 2094 1391 2158 paren·
1412 2092 1435 2131 rs

247 2181 333 2246 tibus
367 2180 564 2246 nobilitatem
597 2181 725 2262 pietatis
755 2180 886 2262 acecpit,
916 2198 1009 2261 quam
1043 2180 1179 2262 posteris
1213 2181 1390 2264 dereliquit.

247 2287 393 2354 sacerdos
416 2287 524 2370 itaque
549 2288 732 2352 Zaccharias
756 2305 813 2350 nec
837 2287 940 2350 solum
966 2287 1122 2366 sacerdos,
1147 2287 1203 2352 sed
1231 2287 1327 2351 etiarn
1353 2289 1391 2352 de

181 2399 221 2462 16
246 2395 316 2460 uice
344 2394 435 2472 Abia,
464 2394 497 2457 id
526 2397 576 2458 est
603 2393 719 2458 nobilis
746 2392 829 2457 inter
857 2393 1034 2474 superiores
1064 2393 1192 2458 semine.
1222 2397 1261 2458 et
1293 2414 1390 2459 uxor·
1453 2405 1471 2460 c

239 2501 349 2582 iuquit
373 2501 460 2565 eius
486 2501 527 2564 de
551 2499 723 2563 filiabus
748 2499 887 2562 Aaron.
912 2519 972 2564 non
998 2500 1102 2565 solum
1125 2501 1225 2584 igitur
1243 2519 1262 2563 a
1280 2520 1389 2583 paren-

245 2609 342 2686 tibus,
368 2608 423 2672 sed
457 2608 551 2672 etiam
576 2596 594 2670 'a
618 2606 790 2669 maioribus
823 2607 922 2670 sancti
955 2607 1102 2671 Iohannis
1135 2607 1285 2673 nobilitas
1319 2627 1388 2692 pro·
1407 2626 1432 2664 20

245 2719 389 2798 pagatim,
413 2734 474 2779 nou
499 2713 652 2778 saeculari
676 2713 835 2794 potestate
864 2712 1021 2789 sublimis,
1047 2713 1102 2776 scd
1129 2713 1293 2797 religionis
1318 2733 1389 2778 suc-

245 2822 387 2887 cessione
415 2819 613 2885 uenerabilis.
641 2821 721 2885 tales
751 2820 831 2883 enim
860 2819 994 2883 maiores
1023 2819 1136 2884 habere
1164 2820 1275 2885 debuit
1302 2841 1388 2904 prae·

243 2929 373 2992 nuntius
403 2927 531 3006 Christi,
560 2931 597 2990 ut
624 2947 685 2990 non
713 2932 840 3009 repente
869 2929 1064 3008 conceptam,
1089 2926 1144 2990 sed
1173 2927 1387 2992 amatoribus

244 3038 405 3117 acceptam
445 3038 476 3098 et
512 3034 581 3116 ipso
619 3033 756 3098 infusam
792 3033 861 3097 iure
898 3037 1028 3097 naturae
1070 3033 1249 3115 praedicare
1291 3033 1386 3098 fidem

178 3147 217 3210 17
244 3143 394 3208 dominici
418 3141 580 3207 uideretur
603 3141 768 3205 aduentus.
792 3142 906 3204 erant
929 3139 1033 3221 inquit
1061 3140 1173 3204 ambo
1200 3139 1306 3204 iusti
1334 3140 1386 3204 in·
1405 3141 1470 3200 111)

243 3249 436 3313 cedentes
456 3249 493 3312 in
514 3247 700 3312 omnibus
720 3245 920 3310 mandatis
941 3249 980 3309 et
999 3245 1385 3311 iustificationibus

331 3509 417 3562 2111.
437 3508 462 3576 5,
482 3508 524 3577 13,
544 3507 608 3561 Luc.
628 3510 653 3575 2,
675 3509 706 3562 13
764 3508 795 3562 15
815 3508 881 3574 Reg.
901 3506 915 3559 Ι
936 3508 959 3573 1,
979 3506 995 3558 2
1065 3507 1096 3559 18
1115 3506 1235 3576 Paralip.
1254 3505 1267 3559 1
1286 3507 1329 3571 24,
1352 3509 1384 3561 10

241 3597 274 3652 25
295 3597 328 3654 cf.
348 3597 517 3666 Augustinus
537 3596 569 3650 de
589 3597 678 3665 gratia
698 3595 800 3650 Christi
818 3595 861 3658 48,
882 3596 916 3649 53

276 3758 289 3810 1
309 3756 487 3810 mutuitiones
508 3759 531 3822 (t
544 3771 589 3824 pr.
609 3759 691 3821 erasi)
710 3753 738 3806 P
826 3755 842 3807 3
862 3759 984 3807 secernat
1005 3753 1028 3808 O
1047 3757 1078 3822 (s.
1097 3753 1236 3824 1112111111
1254 3755 1383 3824 prologus

238 3846 313 3914 Iucip
336 3845 416 3912 liber)
445 3843 470 3897 Τ
558 3846 572 3897 7
598 3845 625 3896 et
649 3845 737 3911 eraut]
767 3845 845 3895 erant
868 3846 957 3896 autem
982 3849 1007 3896 et
1029 3860 1092 3897 rrroc
1114 3844 1179 3897 iusti
1199 3847 1262 3897 autc
1291 3843 1336 3897 dm
1362 3843 1386 3897 0

241 3935 273 3988 10
292 3933 397 3988 laudari
417 3933 437 3996 (i
456 3949 489 3986 esc
509 3937 533 3997 e)
553 3933 608 3986 PG
684 3933 713 3986 11
734 3931 812 3985 uelut
830 3931 857 3983 P
874 3932 955 3985 uelud
975 3933 1001 3985 L
1075 3933 1107 3986 14
1126 3933 1266 4002 passiones
1287 3934 1381 3998 (11111.

239 4023 320 4092 orca.)
337 4023 365 4076 P
406 4023 438 4074 15
458 4021 604 4075 samuhelis
623 4022 650 4074 P
668 4021 702 4086 (11
723 4021 786 4074 odd.
806 4024 862 4083 m3)
878 4021 934 4073 LX
987 4023 1060 4076 isaac
1081 4024 1107 4088 (a
1127 4022 1176 4074 alt.
1195 4037 1216 4076 1.
1235 4039 1262 4075 u.
1282 4025 1340 4088 m2)
1356 4023 1384 4075 Ρ

240 4112 393 4167 lusciniae
416 4110 441 4163 Τ
462 4116 487 4164 ct
510 4113 553 4174 (aa
576 4109 703 4175 feminae)
723 4110 752 4164 Ε
772 4109 889 4163 faemina
909 4109 936 4162 P
956 4109 1055 4164 semiue
1077 4109 1129 4164 GL
1153 4109 1269 4163 feminae
1292 4110 1338 4162 Ba
1357 4117 1381 4163 et

237 4206 280 4254 1111
304 4198 358 4252 FV
380 4205 405 4252 et
430 4201 471 4265 (111
494 4215 546 4266 quo
570 4202 617 4251 ru2
639 4199 752 4264 semine)
781 4198 804 4251 Ο
826 4197 939 4252 feminas
962 4219 978 4268 p
1002 4205 1027 4252 et
1049 4202 1096 4253 m2
1119 4198 1178 4252 FV
1197 4197 1315 4252 familias
1340 4197 1383 4251 aC

237 4291 269 4344 21
290 4289 423 4358 religiono
443 4289 463 4356 (1
479 4305 523 4356 pr.
544 4303 576 4341 ec
596 4294 620 4352 e)
640 4287 667 4340 P
739 4289 772 4341 '25
793 4275 879 4340 dulei
900 4289 973 4351 lois.
994 4288 1027 4358 si)
1047 4288 1073 4340 P
1149 4292 1226 4342 eraut
1245 4293 1335 4342 autem
1354 4287 1380 4341 L
