3050 4936
233 457 297 520 442
705 455 904 510 Ambrosii

232 650 346 716 itinere
373 650 582 734 derelinquas.
611 671 745 734 namque
773 655 810 717 ut
832 652 933 717 tutior
954 651 1098 716 uenturis
1121 653 1271 736 gentibus
1295 659 1408 732 esset¹

232 757 388 833 incessus,
412 758 547 842 propriis
569 758 764 825 indumentis
782 778 885 840 usque
909 759 948 823 ad
971 757 1021 824 dci
1044 760 1201 842 templum
1220 759 1275 840 qui
1293 779 1381 841 prae-

233 865 323 930 ibant
344 867 451 930 Iesum
475 865 621 930 semitam
645 870 833 931 munierunt.
861 869 899 930 ut
925 869 962 930 tu
991 865 1057 930 sine
1084 865 1254 931 offensione
1278 867 1382 949 gradi-

145 971 307 1052 roccone,
346 971 496 1055 discipuli
533 973 651 1038 domini
688 973 807 1038 amictu
845 993 878 1038 se
910 973 1028 1057 proprii
1060 971 1199 1054 corporis
1231 976 1381 1038 exuentes

234 1079 316 1144 iuter
347 1078 480 1144 aduersa
511 1080 674 1144 turbarum
703 1081 789 1145 uiam
816 1080 877 1144 tibi
905 1099 962 1144 suo
992 1083 1131 1144 strauere
1158 1081 1319 1164 martyrio.
1354 1079 1382 1144 si
1414 1101 1427 1141 s

236 1185 307 1268 quis
331 1188 435 1250 tamen
459 1186 504 1252 ita
527 1187 600 1250 uult
623 1187 774 1269 accipere,
797 1207 859 1252 non
882 1187 1059 1264 renitimur,
1084 1186 1168 1268 quod
1190 1187 1299 1269 pullus
1318 1186 1382 1250 iste

171 1297 211 1359 12
234 1293 298 1357 iam
323 1311 418 1375 supra
440 1293 629 1358 ludaeorum
652 1295 845 1359 uestimenta
867 1293 1058 1377 graderetur.
1088 1293 1164 1375 quid
1187 1296 1294 1357 autem
1319 1293 1383 1357 sibi

235 1401 338 1466 uelint
363 1419 522 1464 ramorum
549 1401 715 1484 fragmina,
748 1421 828 1484 quae
860 1401 971 1482 ntique
1004 1399 1216 1464 incedentium
1250 1419 1381 1483 gressus
1448 1412 1469 1463 n

234 1507 383 1592 inplicare
412 1511 614 1584 consuerunt,
643 1507 819 1573 dubitarem
847 1507 997 1591 profecto,
1024 1507 1087 1571 uisi
1110 1525 1161 1571 me
1184 1506 1215 1571 in
1240 1507 1381 1589 superio-

235 1615 322 1680 ribus
342 1614 444 1678 bonus
464 1613 575 1678 mundi
590 1615 690 1680 totius
706 1613 869 1679 docuisset
887 1614 1035 1698 agricola,
1051 1613 1125 1696 quia
1143 1613 1212 1677 iarn
1232 1615 1380 1678 securis
1401 1635 1427 1673 ro

236 1720 280 1784 ad
303 1721 450 1785 radices
475 1719 648 1785 arborum
671 1721 798 1803 posite
822 1724 888 1798 est,
909 1741 988 1804 quae
1013 1721 1072 1784 sub
1097 1719 1236 1785 aduentu
1261 1719 1383 1784 domini

236 1827 385 1892 salutaris
407 1827 575 1891 infecunda
598 1827 743 1892 succidat
767 1830 799 1892 et
816 1828 1084 1892 infructuosarum
1104 1828 1228 1891 inanem
1247 1827 1380 1910 gloriam

236 1935 381 2018 gentium
405 1934 473 1999 solo
498 1937 618 1999 sternet
640 1934 783 2000 fidelium
811 1934 946 2017 pedibus
973 1934 1202 2017 proterendam,
1230 1936 1268 1997 nt
1293 1953 1384 1998 reno-

236 2043 329 2106 uatae
343 2041 460 2104 mentis
476 2041 590 2124 spiritu
609 2041 753 2106 nationes
771 2043 864 2106 uelut
882 2040 1080 2106 nouellerum
1099 2040 1244 2104 arborum
1266 2039 1384 2122 stirpes

172 2147 212 2211 13
237 2146 275 2212 de
304 2147 442 2212 uetustis
470 2148 595 2231 possint
623 2149 796 2230 germinare
825 2147 1020 2212 caudicibus.
1054 2167 1092 2211 ne
1120 2167 1194 2230 ergo
1224 2145 1382 2228 despicias
1403 2160 1474 2212 111]

235 2255 319 2318 hunc
343 2254 492 2331 asellum3
517 2273 589 2318 narn
613 2255 698 2320 sicut
721 2253 752 2318 in
776 2254 898 2318 uestitu
922 2253 1030 2318 ouium
1055 2257 1129 2318 sunt
1150 2253 1220 2336 lupi
1243 2271 1383 2334 rapaces·

235 2362 280 2424 ita
308 2363 415 2425 contra
443 2360 526 2424 inest
553 2361 647 2426 horno
678 2360 781 2425 cordis
805 2360 1010 2425 absconditus
1034 2361 1094 2424 snb
1118 2361 1222 2443 specie
1245 2359 1385 2434 bestiali,

236 2467 312 2548 quia
330 2467 389 2532 sub
409 2467 532 2532 exuuiis
552 2467 702 2550 corporis,
722 2467 806 2549 quod
825 2467 916 2532 nobis
936 2470 985 2531 est
1004 2485 1157 2531 conrnune
1177 2465 1385 2542 cumbelum,

236 2593 326 2640 meus
354 2573 412 2638 deo
440 2574 533 2656 plena
559 2575 737 2656 uegetatnr.
766 2574 849 2655 quod
878 2573 918 2636 ad
944 2573 1078 2656 figuram
1107 2573 1271 2638 hominum
1290 2573 1387 2654 perti·

236 2699 309 2746 nere
349 2683 478 2744 sanctus
515 2680 668 2744 Iohannes
706 2681 885 2745 euidentius
923 2679 1097 2745 declararit
1132 2679 1273 2745 addendo
1311 2680 1387 2762 quia
1408 2697 1437 2736 m

237 2791 426 2869 acceperunt
445 2787 506 2851 sibi
524 2787 682 2852 medullas
705 2789 893 2870 palmarum3
919 2787 1056 2852 iustus
1081 2787 1163 2851 enim
1188 2793 1230 2852 ut
1253 2787 1386 2870 palma

237 2894 392 2960 floriet.
430 2897 462 2958 et
497 2893 568 2958 ideo
598 2893 787 2958 aduentante
812 2892 938 2958 Christo
966 2893 1168 2978 erigebantur
1193 2894 1257 2957 iam
1289 2913 1385 2975 supra

237 3001 387 3066 humeros
415 3001 579 3064 hominum
608 3001 724 3064 uexilla
750 3001 893 3066 iustitiae
922 3003 954 3065 et
979 3000 1118 3084 insignia
1140 2999 1383 3082 triumphorum.
1462 3007 1483 3059 F

238 3106 315 3190 quid
342 3109 475 3171 miratur
505 3108 599 3172 turba
630 3108 715 3191 quod
748 3110 894 3190 operetur
925 3107 1136 3191 mysterium?
1170 3107 1232 3171 etsi
1263 3107 1387 3172 nesciat

238 3214 315 3296 qnid
338 3213 479 3290 miretur,
504 3215 637 3278 miretur
656 3218 761 3278 tamen
781 3214 855 3296 quia
877 3213 908 3278 in
928 3214 983 3279 illo
1002 3213 1089 3296 pullo
1110 3213 1264 3296 sapientia
1283 3213 1385 3288 sedet,
1408 3236 1437 3273 2⁵

327 3497 342 3550 7
362 3495 459 3550 Matth.
480 3497 523 3563 21,
543 3495 567 3564 8,
586 3496 668 3548 Marc.
689 3496 731 3558 ll,
750 3496 766 3549 8
851 3495 882 3548 10
902 3493 967 3548 Luc.
987 3496 1012 3559 3,
1032 3499 1048 3548 9
1132 3495 1164 3548 13
1183 3493 1282 3563 Ephes.
1301 3495 1327 3562 4,
1348 3494 1383 3548 23

239 3586 270 3640 16
290 3585 323 3640 cs.
343 3584 428 3640 Erod.
451 3585 491 3649 13,
512 3585 558 3648 13;
578 3585 621 3651 34,
641 3585 676 3637 20
786 3585 818 3638 16
837 3583 935 3638 nauh.
955 3585 980 3650 7,
1001 3585 1034 3637 15
1144 3583 1175 3636 17
1195 3581 1209 3635 1
1227 3581 1301 3636 Petr.
1320 3583 1347 3648 3,
1367 3585 1385 3634 4

237 3675 272 3730 20
290 3675 349 3729 Ιο11.
370 3675 412 3742 12,
433 3675 465 3727 13
566 3674 598 3726 21
620 3673 663 3728 Pe.
684 3673 727 3734 91,
748 3673 792 3752 13,
899 3674 934 3726 22
959 3671 992 3727 cf.
1013 3672 1104 3743 hymn.
1124 3671 1147 3725 V
1170 3671 1197 3724 in
1222 3673 1302 3724 nocte
1324 3677 1384 3724 net.

238 3765 353 3820 domu.
375 3765 408 3818 15

275 3925 370 3978 lnam
396 3926 525 3993 quattuor
547 3927 619 3991 (narn
644 3925 775 3991 quatenus
800 3921 898 3988 Vm2)
921 3921 1042 3975 uenturis
1061 3921 1093 3973 X
1198 3920 1214 3972 6
1239 3919 1336 3988 paulus
1356 3919 1388 3971 X

237 4011 398 4066 9dubitere
418 4012 462 4064 aL
509 4013 539 4065 11
562 4009 729 4065 aduenth
773 4011 804 4063 14
824 4010 1087 4078 nationemP(ss.
1108 4027 1132 4071 m
1152 4007 1254 4075 men
1296 4009 1329 4062 15
1351 4005 1385 4061 de

239 4101 355 4156 uetustis
378 4100 472 4170 (decet
494 4107 520 4154 et
537 4101 547 4154 i
566 4101 597 4153 c'n
616 4117 671 4154 ros.
690 4103 747 4166 m2)
766 4099 793 4152 P
814 4097 882 4154 bene
906 4099 992 4152 iustos
1011 4098 1037 4151 L
1129 4099 1161 4152 19
1183 4097 1335 4166 pertinere»
1359 4097 1388 4149 P

237 4191 272 4244 20
292 4189 458 4244 euidentiam
478 4192 531 4258 (ter
547 4205 568 4242 e.
588 4190 657 4254 tium
676 4193 732 4256 md)
751 4189 777 4241 P
887 4189 934 4258 qui
952 4187 1004 4241 PL
1112 4187 1146 4240 22
1164 4185 1254 4240 floriet
1271 4186 1388 4240 PBLX

237 4278 345 4332 florebit
365 4295 381 4328 α
400 4279 478 4332 floret
499 4277 524 4331 G
545 4279 586 4344 (ic
603 4283 670 4345 ras.)
688 4284 736 4333 cet.
810 4275 972 4331 adueniente
991 4275 1061 4347 Pup
1115 4275 1241 4344 aequor
1260 4291 1296 4344 (ιχ
1316 4274 1384 4344 quid

238 4373 286 4422 cet.
341 4367 375 4420 25
396 4366 467 4420 sedit
486 4367 513 4419 P
529 4371 581 4433 (-et
599 4369 655 4434 m2)
678 4367 725 4419 013
