3042 4918
239 441 283 505 VI
702 435 917 489 Praelatio.

239 632 405 697 Ambrosio
429 632 649 716 pronuntiatos
674 651 755 710 esse,
778 637 883 696 tamen
906 631 991 695 hand
1014 631 1151 695 multum
1175 631 1255 695 lucri
1280 650 1316 694 er
1342 629 1382 692 iis

239 758 432 822 caperemus,
457 739 605 821 quoniam
630 743 742 803 cuncta
767 737 968 819 111-11111111
993 738 1031 801 ad
1052 736 1221 801 remotiora
1239 740 1384 818 tempora

238 845 404 928 pertinent.
433 865 534 929 noque
558 845 669 909 iuuant
695 845 727 908 in
755 845 881 908 Esaiam
913 845 1098 928 prophetam
1132 845 1311 908 commenta
1338 843 1381 917 ΙΙ,

238 954 280 1016 56
300 953 367 1034 (71,
387 954 443 1033 20)
464 955 717 1029 commemorata,
743 951 859 1034 quippe
883 970 961 1032 quae
987 971 1049 1033 quo
1072 955 1214 1032 tempore
1239 949 1383 1014 conlecta

239 1060 303 1124 sint
325 1079 455 1143 prorsus
478 1059 632 1122 incertum
657 1059 709 1122 sit.
734 1077 816 1122 unus
841 1061 944 1122 tamen
964 1058 1046 1122 inter
1063 1059 1150 1122 locos
1169 1057 1248 1121 istos
1269 1059 1337 1120 erst
1359 1061 1382 1130 1,

239 1185 301 1248 quo
329 1166 421 1230 initia
449 1165 665 1230 commentarii
694 1165 724 1228 in
748 1165 854 1230 Lucan
883 1165 976 1248 panlo
1005 1164 1173 1229 artioribus
1202 1167 1382 1244 temporum

238 1273 352 1337 finibus
386 1271 623 1346 concludantur,
658 1271 728 1334 dico
760 1271 818 1346 ΙΙΙ,
852 1272 893 1334 38
926 1271 1014 1350 (127,
1044 1273 1087 1350 5),
1111 1269 1166 1334 ubi
1194 1267 1381 1332 Ambrosius

239 1379 404 1463 apologiae
417 1378 521 1442 Dauid
541 1377 731 1442 mentionem
750 1377 849 1442 inicit.
871 1377 923 1459 qui
942 1377 1071 1441 libellus
1091 1396 1162 1441 cum
1184 1378 1254 1439 ante
1275 1394 1300 1440 1.
1316 1376 1381 1438 383

238 1503 377 1550 mensem
393 1485 576 1569 Augustum
596 1503 657 1566 quo
676 1487 818 1565 tempore
838 1483 1007 1548 Gratianus
1027 1483 1151 1548 occisus
1173 1487 1222 1547 est
1241 1483 1380 1564 scriptus

237 1611 297 1656 non
322 1593 403 1670 1117),
426 1591 460 1654 id
484 1591 609 1674 quidem
635 1591 784 1656 certiores
808 1591 884 1655 facti
913 1609 1024 1654 sumus
1055 1590 1206 1654 librorum
1231 1589 1382 1654 Eusebia-

237 1717 348 1763 norum
371 1698 548 1763 uersionem
572 1700 646 1779 poet
667 1698 759 1761 illum
784 1717 900 1761 annum
924 1697 1098 1762 conlectam
1122 1715 1201 1760 esse.

282 1803 344 1870 Sed
364 1808 486 1869 exstant
504 1805 565 1869 alia
579 1824 677 1887 eaque
698 1804 831 1868 certiora
850 1807 1029 1886 temporum
1046 1803 1172 1867 indicia.
1193 1805 1226 1866 et
1243 1802 1381 1884 primum

238 1911 365 1995 quidem
390 1915 475 1976 extra
499 1909 726 1976 dubitationem
752 1913 802 1974 111
825 1930 861 1974 11
885 1929 964 1992 quae
983 1909 1053 1988 Vll,
1073 1911 1116 1974 52
1140 1910 1228 1991 (303,
1253 1911 1273 1974 3
1298 1911 1380 1992 sqq.)

236 2021 386 2102 leguntur
418 2018 570 2082 aduersus
603 2017 816 2082 Mercurinum
850 2018 901 2082 cui
933 2019 1044 2099 postea
1075 2015 1230 2081 Auxentio
1268 2033 1380 2080 nomen

236 2125 374 2190 inditum
412 2127 462 2188 est
492 2124 641 2188 Arrianae
673 2123 746 2188 fidei
780 2124 963 2206 episcopum
996 2123 1081 2188 dicta
1109 2142 1189 2199 esse,
1222 2123 1253 2186 in
1287 2141 1380 2204 quern

236 2231 349 2296 itidem
373 2231 536 2296 inuehitur
558 2231 746 2296 Ambrosius
769 2231 801 2294 in
827 2249 968 2294 sermone
992 2234 1099 2294 contra
1122 2229 1313 2294 Auxentium
1343 2229 1381 2294 do

238 2337 381 2403 basilicis
406 2336 565 2402 tradendis
590 2341 651 2420 (ep.
671 2340 724 2415 21,
749 2337 1226 2418 11.15-17.22.24).11111
1253 2354 1324 2399 cum
1349 2336 1380 2400 in

238 2445 462 2510 commentario
500 2445 655 2508 uestitum
693 2444 774 2521 onis,
816 2444 899 2508 facta
934 2443 1099 2526 praedonis
1141 2443 1254 2506 babere
1297 2441 1383 2507 dicat

237 2551 436 2630 Ambrosius,
460 2552 492 2614 in
517 2569 659 2616 sermone
683 2569 757 2613 nero
781 2549 844 2614 iam
869 2553 1017 2633 queratur
1041 2549 1125 2632 quod
1148 2568 1203 2633 per
1230 2549 1380 2614 ecclesias

238 2657 405 2722 iubeantur
419 2657 477 2721 eici
494 2656 641 2722 catholici
656 2656 834 2721 sacerdotes
851 2657 972 2721 ethaeo
989 2655 1129 2738 episcopi
1147 2675 1242 2720 mann
1262 2656 1381 2738 scripta

238 2768 270 2828 et
285 2783 336 2828 ore
352 2763 471 2828 dictata
485 2783 566 2842 esse,
582 2763 660 2828 satis
675 2763 853 2828 luculenter
870 2767 948 2845 puto
964 2763 1093 2844 adparet
1108 2781 1143 2827 co
1159 2765 1300 2844 tempore
1317 2782 1378 2845 qno

238 2868 424 2934 Ambrosius
449 2869 487 2933 de
511 2869 676 2953 euangelio
696 2869 793 2932 uerba
811 2869 887 2933 fecit
904 2868 1096 2933 Auxentium
1116 2869 1252 2932 nondum
1274 2873 1380 2950 aperte

238 2975 357 3039 bellum
372 2975 519 3040 intulisse
539 2975 729 3041 orthodoxis.
748 2975 803 3040 sed
822 2979 896 3040 1111
916 2979 974 3054 111,
994 2976 1070 3040 haec
1089 2976 1187 3040 uerba
1204 2975 1296 3040 initio
1316 2975 1380 3039 lere

239 3101 263 3146 a.
289 3082 352 3145 386
377 3081 579 3164 pronuntiata
602 3101 671 3146 esse
695 3085 828 3146 constat.
852 3101 961 3146 rursus
987 3103 1022 3146 er
1046 3101 1082 3146 eo
1112 3082 1195 3165 quod
1222 3081 1289 3161 Vll,
1316 3082 1379 3147 178

238 3188 326 3268 (361,
347 3190 401 3268 23)
424 3191 577 3270 martyres
597 3187 684 3252 Felix
703 3187 810 3252 Nabor
828 3193 859 3252 et
878 3189 988 3254 Victor
1004 3187 1213 3270 laudantur⁸),
1235 3187 1380 3254 Gernasii

282 3377 302 3445 ⁷)
321 3377 406 3430 Immo
425 3377 572 3430 uerisimile
593 3381 634 3431 est
653 3379 833 3447 conscriptum
849 3395 909 3432 enm
925 3395 981 3432 1111
996 3378 1102 3447 aliquot
1119 3379 1256 3432 mensibus
1275 3385 1380 3448 postea.

237 3485 301 3522 narn
320 3482 389 3536 quae
409 3465 447 3519 ibi
465 3467 594 3536 leguntur
612 3483 632 3521 s.
652 3467 685 3520 21
705 3467 769 3521 inde
788 3467 879 3521 adbuc
895 3468 975 3522 nobie
993 3468 1130 3520 barbarus
1147 3468 1233 3522 boetis
1250 3469 1379 3536 11111111,

238 3557 303 3610 dum
321 3561 431 3623 parata
454 3554 602 3608 aduersum
624 3569 652 3608 11
674 3556 705 3607 in
723 3570 774 3608 nos
798 3573 877 3608 armo
900 3561 1047 3610 uertuntur
1068 3555 1266 3624 Iuthungorum
1290 3558 1378 3610 incur-

238 3647 339 3700 sionem
364 3645 427 3712 quin
451 3646 576 3713 spectent
599 3641 710 3697 dubium
733 3661 787 3698 non
811 3647 865 3708 est;
888 3645 917 3698 in
940 3661 994 3714 qua
1016 3643 1192 3698 describenda
1214 3643 1300 3698 isdem
1325 3645 1380 3700 lere

151 3787 155 3794 ,
238 3733 327 3787 uerbis
346 3731 380 3786 ad
398 3732 543 3786 Maximum
562 3749 626 3786 1111
645 3735 687 3786 111
705 3733 847 3803 episcopus
866 3733 910 3800 (cf.
930 3749 970 3802 ep.
986 3733 1028 3800 24,
1044 3733 1070 3800 8)
1090 3732 1155 3786 dam
1174 3738 1204 3786 tu
1222 3733 1381 3788 Romanum

237 3823 349 3876 martirem
372 3837 497 3890 occupas,
522 3821 586 3875 dum
609 3823 633 3875 is
656 3821 804 3876 aduersum
824 3839 853 3877 11
870 3823 999 3890 utrinque
1014 3823 1182 3890 1111111111.
1202 3823 1270 3876 haec
1288 3826 1380 3877 autern

239 3927 298 3964 curn
317 3911 389 3963 inter
407 3909 519 3979 primam
539 3913 566 3962 et
585 3909 728 3964 secundam
747 3909 883 3965 Ambrosii
901 3911 1065 3980 legationem
1087 3911 1224 3972 11111111,
1240 3911 1293 3964 ianr
1310 3929 1380 3965 anno

238 4001 290 4054 384
309 3998 400 4068 potius
419 3999 572 4068 apologiam
592 3997 682 4052 Dauid
701 3999 903 4053 adscribendam
923 4016 981 4054 esse
999 4001 1162 4070 putauerim.

283 4085 303 4154 8)
322 4087 353 4140 11
373 4086 477 4140 duobus
496 4089 602 4140 tanturn
622 4087 715 4140 classis
734 4107 752 4160 χ
769 4088 855 4148 libris,
870 4087 900 4140 E
912 4091 939 4141 et
957 4107 980 4158 γ,
1000 4091 1063 4158 post
1081 4089 1175 4143 Victor
1193 4089 1259 4142 haec
1278 4089 1381 4144 inserta

237 4177 365 4246 leguntur
386 4175 539 4230 Gouraios
557 4181 582 4229 et
600 4177 748 4230 Productus
766 4183 791 4231 11
807 4177 959 4234 Naroma.
979 4193 1047 4246 quae
1067 4195 1126 4232 curn
1145 4179 1171 4231 in
1193 4178 1380 4232 uetustissimo

238 4265 317 4318 huius
341 4265 434 4318 classis
458 4265 587 4334 exemplo,
608 4266 634 4318 in
663 4265 732 4318 libro
756 4266 849 4321 Sancti
873 4265 946 4320 Galli
967 4267 1000 4332 G,
1024 4283 1077 4320 non
1098 4271 1211 4334 exstent,
1236 4283 1289 4320 non
1316 4271 1380 4321 ante

238 4369 307 4407 saec.
325 4353 350 4406 X
368 4353 470 4407 inserta
488 4369 546 4406 esse
566 4353 686 4424 adparet.
