3050 4936
268 463 405 534 Expositis
426 461 560 531 euangelii
579 463 667 516 Lucae
686 461 710 514 X
731 462 870 517 los-108
890 463 971 528 (1626
991 462 1119 517 Β-1527
1140 464 1181 532 Β).
1238 467 1301 530 495

156 676 226 740 pro
259 658 377 723 nobis
411 658 533 735 dolat,
567 679 585 722 a
616 659 719 736 nobis,
754 659 808 742 qui
843 659 936 724 deum
970 663 1062 725 antea
1089 659 1300 744 fugiebamus,

156 765 283 849 flagella
320 765 521 848 detorquens,
558 769 624 830 tam
661 766 785 847 patiens
825 766 984 844 dominus,
1022 771 1059 832 ut
1091 768 1299 852 fugitiuorum

157 872 294 937 uinculis
326 872 468 955 proprias
501 891 625 950 manns,
655 872 868 956 fugitiuorum
900 873 1035 958 flagellis
1065 895 1159 939 suurn
1187 895 1301 961 corpus

156 979 291 1043 offerret.
325 979 506 1043 detestabili
538 979 645 1061 itaque
678 979 794 1044 mentis
827 979 942 1044 affectu
971 981 1158 1046 honoratum
1196 987 1302 1048 tamen

122 1108 136 1148 a
155 1085 265 1150 Iudaei
280 1086 397 1150 exitum
413 1086 564 1168 produnt
576 1105 646 1150 nam
658 1089 936 1170 etconpungautas
952 1089 1301 1164 coronantinludentes
1320 1097 1341 1150 Ε

155 1191 296 1257 adorant.
325 1191 386 1256 etsi
415 1192 508 1257 corde
537 1211 598 1256 non
628 1191 769 1268 credunt,
799 1213 892 1275 quem
921 1193 1081 1275 perimunt
1103 1193 1300 1260 confitentur.

154 1299 220 1363 illis
245 1299 380 1364 defuerit
403 1299 476 1364 honi
500 1300 604 1380 operis
628 1298 784 1378 adlectus,
809 1299 867 1364 deo
891 1304 995 1364 tamen
1021 1319 1099 1364 snus
1119 1319 1180 1364 non
1199 1301 1301 1365 defuit

155 1406 264 1484 honor,
294 1407 348 1488 qni
380 1406 539 1470 salutatur
567 1409 604 1470 ut
630 1426 693 1484 rex,
723 1411 889 1470 coronatur
912 1411 948 1470 ut
971 1407 1083 1484 uictor,
1107 1408 1198 1488 quasi
1222 1407 1300 1472 deus

10 1508 79 1570 106
155 1517 188 1577 33
202 1513 348 1578 dominus
363 1513 520 1578 adoratur.
540 1511 682 1578 harundo
699 1531 823 1594 quoqne
842 1513 893 1578 nel
914 1513 1298 1580 secundum·hlatthaeum

107 1639 135 1677 ιο
155 1620 418 1703 conprehenditur
441 1639 536 1684 manu
561 1619 640 1698 eius,
665 1623 702 1684 nt
724 1619 861 1684 humana
879 1619 1035 1703 fragilitas
1054 1621 1117 1684 iam
1137 1640 1196 1685 non
1217 1621 1301 1686 siout

153 1727 294 1792 harundo
323 1731 491 1791 moneatur
519 1747 537 1790 3
564 1729 660 1791 33333
690 1727 746 1790 aed
775 1727 923 1807 operibus
948 1725 1065 1790 Christi
1096 1728 1300 1792 conroborata

154 1834 304 1898 fundetur
336 1839 368 1898 33
400 1834 500 1898 adfixo
540 1834 625 1898 cruci
664 1833 851 1917 chirografo.
884 1832 969 1914 quod
1006 1837 1073 1896 erat
1108 1836 1299 1899 contrarium

154 1941 255 2016 nohis,
280 1942 437 2004 sententia
460 1944 589 2004 uetusta
608 1943 756 2018 cessarat,
776 1940 829 2003 uel
848 1939 1021 2002 secundum
1042 1939 1185 2004 Marcum
1205 1947 1299 2022 caput

154 2047 221 2111 eius
250 2049 397 2130 percutit,
427 2051 464 2112 nt
492 2046 627 2112 solidata
655 2047 832 2110 diuinitatis
862 2045 990 2110 adtactu
1021 2050 1128 2110 nostra
1157 2047 1298 2112 condicio

108 2173 135 2212 rs
153 2158 264 2218 nutare
287 2175 348 2219 non
372 2155 485 2238 possit.

12 2255 78 2318 107
199 2259 261 2326 Sed
284 2261 347 2324 iam
371 2265 536 2342 tropaeum
561 2279 654 2324 suum
675 2260 779 2323 uictor
799 2258 942 2324 adtollat.
963 2277 1037 2323 crux
1056 2278 1150 2341 supra
1170 2278 1296 2325 umeros
1319 2271 1387 2323 1527
1406 2271 1429 2323 3

9 2383 44 2436 33,
61 2382 89 2426 33
151 2367 312 2450 inponitur
334 2371 372 2432 ut
394 2372 569 2450 tropaeum,
595 2366 689 2450 quod,
710 2367 778 2431 3133
799 2365 907 2430 Simon
928 2366 996 2430 siue
1020 2365 1088 2446 ipsa
1112 2367 1296 2447 portauerit.

152 2475 184 2537 33
218 2472 363 2538 Christus
397 2474 428 2538 in
461 2473 587 2539 homine
620 2479 654 2538 et
688 2474 782 2538 horno
822 2473 962 2554 portauit
998 2473 1029 2535 in
1064 2471 1199 2537 Christo.
1239 2492 1296 2537 neo

150 2580 331 2645 discordant
354 2581 623 2666 euangelistarum
648 2571 832 2654 3333333133,
853 2579 976 2660 quando
997 2580 1166 2643 concordat
1182 2583 1296 2662 myste-

103 2711 132 2750 33
150 2688 245 2764 rium,
270 2691 302 2752 33
323 2687 427 2753 bonus
452 2688 526 2753 ordo
550 2687 649 2751 nostri
673 2687 834 2768 profectus
855 2689 914 2762 333,
934 2690 971 2750 33
990 2686 1077 2769 prins
1098 2685 1200 2750 crucis
1220 2706 1296 2751 suae

149 2797 317 2875 tropaeum
340 2795 409 2876 ipse
434 2795 578 2878 erigeret,
603 2793 714 2858 deinde
732 2792 924 2876 martyribus
943 2793 1082 2856 traderet
1101 2793 1295 2876 erigendum.

10 2907 87 2960 2326
150 2919 212 2964 333
245 2900 384 2965 Iudaeus
418 2905 467 2965 est
500 2901 553 2982 qui
587 2919 711 2964 crucem
745 2902 860 2981 portat,
894 2899 950 2964 sed
988 2899 1164 2984 alienigena
1200 2902 1295 2982 atque

149 3007 336 3090 peregrinus
364 3027 421 3072 nec
448 3008 617 3090 praecedit,
648 3007 704 3072 sed
734 3007 887 3090 sequitur.
915 3007 1002 3070 13333
1026 3009 1109 3088 qnod
1141 3007 1336 3089 scripturnB

150 3117 213 3178 est:
240 3114 343 3178 tolla
368 3134 527 3179 crucem
548 3119 654 3179 tuam
676 3118 714 3178 et
735 3134 905 3195 sequere
925 3133 992 3178 333.
1012 3133 1072 3178 333
1090 3114 1171 3178 enim
1193 3135 1294 3190 33331,

101 3243 130 3285 rs
149 3219 205 3284 aed
221 3225 360 3284 nostram
376 3239 500 3284 crucam
518 3220 664 3285 Christus
680 3221 830 3285 ascendit.
852 3239 907 3284 nec
926 3239 1011 3284 mors
1030 3220 1087 3284 illa
1106 3220 1294 3285 diuinitatis.

149 3325 206 3389 sed
225 3325 315 3406 qnasi
334 3325 471 3390 hominis
493 3327 562 3390 1313.
583 3326 666 3390 nude
687 3331 719 3389 33
742 3325 810 3408 ipse
835 3326 893 3389 ait:
918 3325 1026 3403 deus,
1051 3325 1149 3388 dens
1173 3345 1293 3400 meur,

13 3425 75 3490 108
147 3431 308 3513 respice
328 3434 399 3496 mel
421 3451 542 3514 quare
562 3452 620 3496 me
641 3431 934 3514 dereliquisti?
958 3431 1089 3512 pulchro
1105 3449 1293 3494 ascensurus

238 3689 371 3744 313333.
391 3692 434 3757 27,
454 3692 488 3744 29
508 3708 557 3761 sq„
577 3691 633 3744 Ioh.
656 3691 697 3756 19,
717 3693 732 3744 3
811 3689 945 3744 01133313.
965 3693 1009 3756 27,
1028 3693 1062 3744 20
1138 3691 1169 3743 12
1191 3689 1293 3746 Coloss.

147 3779 173 3842 2,
195 3779 227 3832 14
285 3779 416 3836 13111333.
439 3780 480 3846 15,
502 3781 533 3833 19
595 3781 627 3834 17
647 3779 745 3834 Matth.
765 3779 809 3846 27,
829 3781 871 3846 32,
891 3779 973 3832 Marc.
996 3781 1035 3839 15.
1056 3781 1098 3846 20,
1118 3779 1176 3832 Iolr.
1198 3781 1239 3842 19,
1261 3781 1291 3832 17

147 3868 182 3920 24
203 3866 265 3920 Luc.
285 3869 309 3932 9,
328 3870 363 3920 23
409 3869 443 3920 25
463 3869 557 3924 concil.
577 3869 681 3938 Hispal.
702 3869 718 3920 2
738 3885 760 3922 c.
782 3869 814 3921 13
861 3869 894 3923 26
914 3868 1012 3922 hlatth.
1033 3871 1075 3936 27,
1094 3871 1128 3922 46
1150 3870 1193 3924 Ρ3,
1213 3871 1256 3936 21,
1276 3871 1292 3921 2

186 4009 198 4060 l
220 4011 301 4062 33333
320 4008 408 4062 31103
428 4013 490 4062 3333
510 4013 556 4062 cet.
648 4011 665 4062 4
685 4009 840 4062 detestabili
860 4013 937 4078 1333.
957 4013 996 4076 u.)
1013 4009 1042 4062 P
1126 4010 1248 4065 5331333
1267 4013 1294 4066 Ρ

147 4097 219 4160 (tiis
238 4099 319 4162 corr.)
338 4097 363 4149 L
455 4097 492 4167 et]
513 4098 564 4150 3331
584 4097 629 4150 αΒ
720 4099 734 4151 7
755 4097 872 4152 desuerit
891 4098 985 4152 PaCL
1005 4099 1092 4153 deluit
1110 4122 1127 4171 χ
1147 4101 1292 4154 defuerunt

149 4186 207 4238 ΒΧ
262 4185 596 4253 103333(13.3333)Ρ
648 4187 679 4240 12
700 4187 873 4254 cirograloP
944 4190 1130 4257 aratlereX
1184 4191 1290 4244 13333-

146 4274 251 4328 3333133
271 4279 430 4348 uetustas-p
513 4277 630 4329 cessauit
649 4277 680 4330 X
770 4277 803 4330 14
821 4278 1007 4349 percutiturp
1101 4280 1132 4332 16
1152 4297 1231 4348 super
1253 4281 1291 4352 Cp

146 4365 181 4417 20
201 4365 243 4416 333
262 4381 312 4418 om.
333 4363 480 4436 «EMV
533 4366 565 4416 21
586 4367 750 4434 ipaeom.1
806 4365 840 4418 26
860 4365 941 4435 undo]
962 4369 1027 4420 tunc
1047 4367 1152 4420 demum
1173 4369 1225 4421 PL
