3042 4918
285 459 429 528 Expositio
449 459 584 528 euangelii
604 458 691 513 Lucae
710 459 722 512 I
743 461 767 514 7.
787 461 802 514 8
822 461 902 526 (1267
922 459 1051 514 F-rsos
1072 459 1111 526 E).

124 655 247 736 quando
273 658 405 736 peoonta
429 654 597 722 condonat:
623 674 714 718 nemo
734 654 817 718 enim
836 659 944 738 potest
962 658 1092 736 peecata
1111 654 1271 718 dimittere

124 759 183 824 nisi
216 761 308 824 solus
343 759 430 824 dens.
465 759 558 823 uideo
586 760 704 834 Iesum,
734 759 857 842 quondo
886 761 1039 824 Lazarum
1069 761 1213 836 suscitet,
1240 765 1272 824 et

124 887 182 931 non
206 867 360 930 uiderunt
383 866 436 948 qui
459 865 617 930 uiderunt.
641 865 735 930 uideo
759 867 876 944 Iesum,
902 867 993 930 uideo
1018 866 1113 932 etiem
1138 873 1270 950 patrem,

124 973 248 1056 quondo
275 973 386 1036 oeulos
411 971 449 1036 ed
474 973 595 1037 oaeinnr
616 972 713 1056 erigo,
734 973 773 1036 ed
791 973 890 1036 marie
909 977 1069 1052 oonrrerto,
1093 973 1133 1037 ed
1156 978 1271 1038 terram
1295 980 1315 1037 C

94 1087 307 1162 sretorqneo;
342 1077 581 1144 inuisibilia
614 1079 697 1142 enim
731 1079 818 1144 eius
852 1099 919 1161 per
952 1099 996 1144 ea
1029 1099 1128 1161 quae
1161 1083 1271 1146 teoto

124 1193 218 1252 sunt
242 1187 466 1250 intellecta
490 1186 813 1267 conspiciuntur.

47 1291 61 1350 ἒ
167 1293 288 1358 Siout
315 1293 580 1358 tradiderunt
607 1293 724 1358 nobis
754 1293 821 1375 qui
850 1294 894 1358 eb
923 1294 1046 1358 initio
1077 1294 1272 1359 uiderunt

44 1428 82 1478 ro
124 1407 161 1464 et
184 1400 370 1464 ministri
395 1400 562 1464 fuerunt
591 1400 715 1464 uerbi.
741 1399 866 1484 gemina
889 1401 992 1466 uirtus
1017 1401 1118 1464 estin
1144 1401 1271 1466 homine

122 1509 276 1591 perfeeto,
301 1511 338 1570 nt
361 1511 394 1570 et
415 1506 549 1570 intentio
574 1507 617 1570 sit
641 1511 672 1569 et
696 1507 788 1570 aetio.
813 1511 980 1590 utramque
999 1508 1099 1591 igitur
1117 1509 1269 1572 uirtutem

2 1631 3 1648 *
82 1645 105 1682 ro
123 1621 254 1678 sanetus
283 1613 482 1697 euangelista
510 1613 663 1694 apostolis
693 1612 806 1690 defert3
836 1633 896 1678 non
925 1614 1029 1678 solum
1054 1615 1137 1678 enim
1164 1615 1268 1678 uido-

2 1755 4 1812 ἓ
123 1724 216 1784 rnnt
241 1719 354 1800 inquit,
379 1719 553 1784 sedetiam
578 1719 761 1784 ministri
789 1721 904 1784 uerbi
932 1721 1110 1788 fuerunt.
1135 1721 1268 1786 intentio

122 1827 259 1892 uisionis
289 1825 423 1890 sotionis
451 1831 500 1890 est
527 1826 750 1902 ministerium,
779 1827 850 1891 finis
877 1833 984 1892 entem
1012 1827 1197 1892 intentionis
1221 1833 1312 1892 esti)

123 1934 217 2008 actio,
247 1932 439 2015 principium
469 1933 601 1997 notionis
628 1933 773 1998 intentio.
804 1939 898 2015 atque
927 1939 964 1997 nt
990 1935 1115 2016 proprio
1144 1941 1270 2015 aposto-

121 2040 225 2105 lornnr
256 2047 385 2104 utamur
412 2040 563 2122 exemplo,
588 2041 721 2104 intentio
746 2045 796 2104 est
823 2040 907 2122 quod
930 2041 1044 2104 Petrus
1073 2045 1105 2104 et
1126 2040 1268 2106 Andreas

81 2177 103 2216 re
122 2147 233 2210 audita
258 2146 377 2210 domini
401 2165 479 2210 uooe
503 2147 654 2210 dioentis:
679 2147 825 2211 faeiem
855 2167 925 2212 uos
949 2149 1184 2229 piscatores
1208 2148 1269 2212 ho-

121 2254 269 2318 minum
308 2253 376 2316 sine
412 2253 479 2318 ulla
514 2253 831 2334 conperendinatione
869 2253 1064 2336 reliquerunt
1100 2256 1267 2330 scalmum,

119 2361 255 2425 uernum
285 2359 386 2424 secuti
416 2363 501 2424 sunt.
530 2360 674 2425 sednon
705 2362 813 2424 stetim
841 2361 872 2424 in
902 2361 1074 2426 intentione
1103 2361 1197 2426 aetio.
1230 2380 1268 2426 ne

119 2469 163 2532 ibi
192 2467 322 2550 quidem
352 2467 454 2530 adhue
483 2467 576 2546 sotio,
605 2467 661 2532 sod
689 2467 834 2544 intentio,
863 2467 917 2532 ubi
947 2467 1025 2532 dicit
1047 2467 1178 2532 Petrus:
1208 2466 1268 2531 do·

119 2575 234 2652 mine,
265 2592 386 2655 quere
415 2591 489 2637 non
518 2592 684 2657 possum
713 2577 752 2638 te
781 2573 897 2655 sequi
926 2573 1062 2638 modo?
1097 2573 1266 2637 animem

2 2705 4 2720 ·
77 2701 242 2749 sornesm
275 2699 344 2762 pro
377 2685 415 2744 te
448 2699 597 2762 ponam.
629 2685 695 2744 eret
728 2681 810 2744 eninr
842 2680 976 2744 intentio
1010 2680 1178 2762 passionis,
1212 2679 1265 2744 sed

2 2781 8 2876 i
120 2789 260 2854 nondum
285 2791 352 2852 erat
375 2787 468 2862 sotio,
493 2787 569 2851 lioet
597 2787 627 2851 in
656 2787 784 2852 ieiuniis
809 2787 872 2850 iem
896 2791 982 2853 esset
1005 2788 1099 2864 notio,
1124 2788 1211 2852 esset
1233 2787 1306 2850 init

120 2895 253 2980 uigiliis,
287 2897 373 2958 esset
403 2893 433 2957 in
469 2898 652 2976 contemptu
686 2894 896 2975 corporalium
934 2894 1150 2977 uoluptatum
1190 2892 1267 2956 haee

119 3003 201 3066 enim
227 3005 279 3065 est
302 3001 384 3066 aetio
410 2999 589 3066 Christiani.
614 3019 715 3082 neque
736 3000 870 3064 enimin
890 3001 1036 3065 omnibns
1056 3001 1150 3065 rebus
1170 2999 1268 3064 simul

118 3112 150 3172 et
171 3108 308 3173 intentio
333 3110 365 3171 ot
388 3107 470 3172 notio
495 3113 554 3184 est,
578 3107 634 3172 sed
654 3127 726 3172 oum
748 3109 790 3171 sit
808 3108 853 3172 rei
873 3107 1002 3172 alterius
1021 3108 1115 3182 notio,
1135 3107 1267 3172 alterius

76 3241 100 3282 s
118 3216 222 3279 adhue
247 3214 381 3278 intentio
406 3217 465 3278 est.
489 3233 561 3278 nem
586 3214 708 3295 etipse
732 3215 845 3279 Petrus
871 3235 943 3279 oum
967 3216 1069 3279 multe
1092 3215 1267 3296 apostoliea

118 3322 238 3385 uirtute
268 3325 396 3404 perpete
423 3321 610 3405 peregisset,
634 3325 746 3401 postea
774 3327 880 3384 tnrnen
909 3322 1032 3403 qnando
1058 3320 1136 3384 dixit
1160 3321 1189 3383 ei
1214 3319 1266 3383 do-

118 3430 240 3493 minns:
270 3431 312 3491 tu
343 3449 398 3492 roe
428 3448 607 3511 sequere,
636 3429 713 3492 tulit
738 3448 862 3493 oruoenr
892 3448 983 3492 suam
1007 3433 1039 3492 et
1062 3431 1192 3492 secutus
1218 3432 1267 3490 est

210 3618 450 3680 lMaro.2,5.‘i
508 3616 777 3685 210h.11‚43sq.
833 3616 944 3670 ditoni.
967 3618 991 3682 1,
1010 3617 1045 3671 ‘20
1115 3617 1264 3670 15Metth.

117 3709 141 3768 4,
163 3709 196 3761 19
256 3709 289 3760 18
308 3705 366 3759 Ioir.
389 3707 429 3771 13,
449 3707 482 3760 37
538 3707 571 3760 27
590 3705 648 3758 Ioir.
669 3705 712 3765 21,
733 3707 766 3757 22

152 3837 168 3888 5
188 3847 300 3901 quaes.
321 3847 348 3886 u.
368 3829 396 3884 P
484 3831 500 3882 6
523 3828 707 3898 intellegenda
726 3829 760 3891 P,
785 3829 819 3896 of.
840 3829 873 3882 de
894 3830 961 3896 spir.
980 3834 1077 3882 raowto
1101 3829 1159 3882 ΙΙΙ
1175 3833 1202 3892 2,
1221 3833 1264 3892 13,

118 3938 208 3976 enarr.
224 3919 328 3989 pendor.
348 3923 407 3986 118,
427 3923 455 3986 2,
476 3921 516 3970 32
625 3919 657 3972 13
677 3917 760 3987 actio]
781 3917 896 3970 actionis
915 3918 946 3970 X
1049 3919 1080 3970 15
1100 3918 1198 3972 faciam
1217 3935 1265 3972 nos

117 4011 175 4064 fieri
198 4007 267 4062 Oet
285 4007 355 4075 (fieri
374 4007 504 4073 crespi*
583 4007 614 4058 17
634 4006 744 4074 sequuti
763 4004 848 4060 FOV
917 4006 945 4060 in
964 4022 1015 4059 om.
1035 4005 1107 4058 nBC
1176 4008 1265 4060 inten-

118 4099 193 4152 tione
213 4101 273 4162 (-ne
292 4095 330 4161 B)
351 4096 421 4150 aetio
441 4111 474 4148 ne
493 4095 532 4148 ibi
550 4094 636 4148 BLX
653 4095 806 4148 intentione
829 4095 944 4148 sotionis
963 4095 1002 4148 ibi
1020 4094 1048 4148 P
1068 4095 1184 4148 intentio
1205 4112 1264 4148 oum

118 4189 226 4240 actione
250 4185 291 4238 ibi
313 4184 424 4253 (deindo
446 4201 500 4238 non
523 4185 606 4250 ectio)
626 4183 669 4236 αθ
690 4183 843 4236 intentione
867 4183 938 4238 sotio
958 4183 996 4236 ibi
1015 4203 1032 4254 χ
1123 4185 1157 4237 20
1177 4200 1264 4238 meam

119 4293 206 4347 0me
263 4275 295 4328 21
315 4274 370 4327 ism
387 4274 416 4327 in
434 4273 592 4328 ieiuniisX
640 4273 675 4325 24
694 4277 737 4326 est
755 4271 802 4324 sed
821 4288 871 4326 om.
892 4273 919 4325 P
976 4271 1263 4342 soperpetePper-

118 4365 203 4435 petim
224 4365 274 4429 (im
292 4364 324 4416 in
341 4363 409 4432 rae.)
428 4381 446 4432 χ
464 4362 569 4432 perpeti
588 4367 635 4415 cet.
709 4361 859 4430 peregisset
879 4366 904 4426 (e
924 4361 973 4415 alt.
991 4377 1012 4414 s.
1032 4362 1070 4428 u.)
1089 4361 1116 4413 P
