3108 4932
312 400 453 470 Expositio
473 402 608 470 euangelii
626 401 716 456 Lucae
734 402 758 454 V
777 403 883 457 96-99
902 404 983 470 (1378
1002 403 1130 456 0-1379
1151 402 1190 470 C).
1264 407 1326 468 221

182 595 321 680 uestigia
352 595 514 660 clauorum
545 595 613 661 eius¹
644 595 761 680 digitos
794 600 919 662 nostros
950 597 1152 664 inseruimus.
1184 597 1333 663 uidemur

183 703 266 766 enim
299 701 390 767 nobis
422 701 543 767 uidisse
577 721 670 784 quern
702 702 851 786 legimns,
885 707 1045 786 spectasse
1077 704 1265 788 pendentem
1299 707 1333 769 ot

182 808 314 873 uulnera
328 809 397 873 eius
412 809 527 890 spiritu
542 809 694 874 ecclesiae
710 813 871 875 scrutante
889 813 1057 887 temtasse;
1079 811 1106 874 si
1126 812 1210 875 enim
1229 810 1331 895 digito

183 901 233 979 dei
253 915 410 979 eiciuntur
428 914 601 993 daemonia,
620 915 698 981 fides
718 935 843 1003 quoque
861 915 961 1000 digito
977 917 1131 982 ecclesiae
1145 917 1330 1001 repperitur.
1349 927 1374 982 l*

149 1025 238 1086 aaut
260 1021 394 1086 fortasse
417 1023 449 1085 in
472 1025 561 1105 parte
585 1021 719 1103 quadam
743 1022 917 1105 operatrice
941 1023 1080 1106 eorporis
1103 1023 1203 1088 nostri
1222 1041 1331 1087 omnes

181 1127 329 1192 uidemur
350 1128 563 1212 inuestigasse
592 1127 767 1193 dominicae
795 1129 909 1193 seriem
936 1129 1112 1212 passionisc
1140 1129 1218 1194 fides
1247 1129 1330 1194 enim

181 1253 239 1318 per
260 1253 380 1317 paucos
409 1235 449 1298 ad
474 1237 583 1318 plures
611 1235 765 1319 peruenit.
793 1235 843 1300 lex
871 1255 945 1322 ergo
975 1235 1137 1302 Christum
1161 1239 1330 1302 uenturum

64 1337 112 1401 98
182 1341 358 1418 adnuntiat,
379 1340 535 1424 euangelii
555 1340 711 1424 scriptura
728 1341 855 1406 uenisse
875 1342 1049 1407 confirmat.
1073 1343 1216 1408 nonnulli
1235 1341 1330 1408 etiam

183 1447 222 1512 do
245 1447 314 1530 ipso
337 1447 476 1512 Iohanne
500 1447 546 1512 sic
569 1448 770 1532 intellegunt,
798 1467 949 1533 magnum
978 1449 1105 1532 quidem
1128 1451 1174 1514 ita
1198 1450 1331 1532 prophe-

137 1575 164 1615 ιο
181 1557 258 1632 tam,
286 1557 323 1618 ut
347 1552 509 1619 Christum
532 1558 727 1637 agnosceret,
757 1553 958 1621 adnuntiaret
979 1556 1197 1621 remissionem
1221 1573 1331 1638 pecca-

180 1664 288 1725 torum
305 1661 456 1738 futuram,
476 1659 533 1724 sed
550 1663 654 1724 tamen
675 1681 737 1726 non
755 1663 917 1744 tamqnam
937 1662 1079 1740 dubium,
1100 1661 1156 1726 sed
1170 1665 1330 1744 tamquam

179 1767 269 1849 pium
298 1770 414 1840 uatem,
443 1785 537 1848 quem
565 1769 736 1830 uenturum
760 1766 935 1832 crediderat
956 1787 1016 1833 non
1042 1766 1214 1832 credidisse
1238 1768 1332 1831 mori-

180 1863 299 1938 turum.
332 1891 393 1936 non
424 1872 523 1958 igitur
554 1872 625 1949 lide,
659 1872 715 1938 sod
747 1873 865 1955 pietate
898 1873 1069 1938 dubitauit.
1104 1874 1265 1938 dubitauit
1298 1877 1331 1938 et
1353 1879 1465 1934 larun

180 1979 296 2044 Petrus
325 1978 446 2043 dicens:
475 1979 685 2062 propitius
714 1983 812 2056 esto,
842 1978 1012 2044 domine!
1036 1999 1110 2044 non
1140 1980 1216 2044 liet
1244 1983 1328 2046 hoc.

136 2104 163 2145 ro
181 2086 236 2150 iile
259 2085 332 2150 fidei
360 2086 516 2168 princeps,
545 2086 598 2150 cni
622 2105 655 2150 se
679 2085 826 2151 Christus
850 2085 988 2150 nondum
1012 2086 1063 2150 dei
1086 2085 1185 2150 lilium
1212 2086 1332 2150 dixerat

182 2195 215 2257 et
236 2196 341 2256 tamen
364 2193 420 2256 ilie
439 2191 623 2270 crediderat,
649 2192 686 2257 de
706 2196 806 2258 morte
826 2190 945 2257 Christi
964 2211 1021 2258 noe
1041 2191 1166 2258 Christo
1186 2193 1329 2257 credidit.

181 2297 309 2380 pietatis
341 2297 496 2376 adfectus,
528 2318 589 2363 non
620 2298 834 2364 indenoticnis
862 2303 911 2364 est
937 2299 1060 2382 lapsus.
1092 2299 1226 2380 deniqne
1253 2298 1330 2362 alibi

181 2403 282 2467 lauari
307 2403 369 2466 sibi
395 2401 492 2485 pedes
520 2407 655 2483 recusat,
683 2403 739 2468 ubi
766 2405 954 2487 mysterium
981 2423 1042 2469 non
1070 2404 1224 2490 agnoscit,
1253 2405 1327 2468 dum

182 2509 340 2574 dominico
373 2513 524 2593 pacatur
556 2509 718 2592 obsequio.
753 2529 827 2594 ergo
860 2511 1048 2575 moriturum
1079 2510 1241 2576 Christum
1272 2529 1329 2574 nec

135 2617 284 2681 essancti
321 2615 533 2694 crediderunt;
572 2617 675 2698 quod
712 2616 794 2682 enim
832 2619 977 2682 oculus
1010 2637 1084 2682 non
1117 2616 1225 2681 uidit
1257 2635 1329 2681 nec

182 2723 294 2787 auris
325 2721 490 2786 audiuit
518 2742 589 2787 nec
622 2723 660 2787 in
694 2742 760 2788 cor
791 2723 967 2788 hominis
1000 2723 1197 2799 ascendit,
1230 2723 1373 2787 haecB

181 2828 447 2912 praeparauit
476 2828 573 2894 deus
602 2828 880 2913 diligentibus
909 2847 1005 2893 eum.
1033 2829 1194 2912 religiosis
1221 2829 1329 2911 itaque

180 2937 290 3017 lapsus
314 2934 430 2999 amoris
454 2933 631 2999 fidemnon
655 2935 783 3019 inpedit

68 3044 112 3107 99
226 3040 369 3124 Denique
392 3039 538 3106 dominus
557 3041 662 3106 sciens
679 3041 836 3106 nominem
855 3041 922 3106 sine
941 3041 1105 3126 euangelio
1125 3042 1216 3123 plene
1234 3059 1329 3124 posse

135 3168 164 3210 aa
183 3147 318 3227 credere,
338 3147 413 3228 qnia
431 3147 515 3212 sicut
532 3147 610 3212 fides
631 3167 648 3212 a
666 3151 773 3212 uetere
791 3147 904 3230 incipit
921 3151 1113 3212 testamento
1132 3147 1177 3211 ita
1192 3147 1331 3230 inpletur

181 3255 214 3319 in
240 3273 333 3333 nouo,
362 3255 572 3339 interrogatus
602 3255 639 3318 de
669 3273 703 3319 se
731 3273 791 3318 non
819 3255 915 3318 uerbo
945 3254 1060 3336 aliquo,
1090 3255 1145 3318 sed
1173 3254 1266 3318 factis
1295 3272 1329 3317 se

59 3386 81 3440 r,
96 3387 122 3429 re
183 3380 253 3426 esse
272 3361 422 3444 signauit.
442 3360 499 3424 ite
518 3360 621 3442 inquit
638 3361 827 3425 nuntiate
846 3360 1015 3425 Iohanni
1035 3379 1135 3442 quae
1154 3359 1328 3424 uidistis

183 3471 223 3532 et
252 3467 444 3531 audistis.
476 3467 588 3532 caeci
618 3467 770 3542 uident,
802 3467 938 3532 claudi
968 3467 1186 3544 ambulant,
1216 3465 1375 3530 sur-dio

183 3573 1329 3657 audiunt,leprosimundantur‚mortniresurguntpau-

275 3815 366 3872 rior.
386 3817 429 3884 20,
448 3815 482 3868 rs
502 3831 561 3884 sqq.
617 3815 825 3882 amarico
876 3813 1129 3882 innatantem
1183 3814 1328 3870 ronaco.

185 3905 282 3972 raro
339 3903 549 3968 mioniae
605 3901 1030 3966 conscisceremus

219 4031 411 4098 {terpectasse
429 4028 460 4081 X
530 4026 702 4096 pendemtem
722 4027 749 4079 P
809 4027 884 4079 9ita
902 4042 954 4080 om.
974 4027 1004 4079 X
1075 4025 1235 4096 prophetam
1254 4027 1330 4096 itap

185 4119 218 4172 13
237 4117 376 4171 dubitauit
395 4116 445 4170 alt.
464 4117 517 4183 (nit
534 4131 556 4169 a.
575 4118 614 4182 a.)
633 4114 661 4168 P
706 4117 738 4169 ll
756 4115 805 4169 fiat
823 4135 841 4186 χ
886 4114 920 4168 20
940 4114 1032 4168 oculos
1052 4117 1078 4180 (v
1092 4131 1113 4168 s.
1134 4133 1149 4168 o
1169 4116 1218 4169 alt.
1233 4118 1289 4183 m2)
1303 4115 1337 4168 P

184 4209 217 4261 21
239 4223 316 4260 aures
337 4207 384 4274 (is
403 4209 461 4272 m3)
481 4205 509 4258 P
578 4205 613 4258 24
632 4203 740 4258 credere
758 4220 838 4273 posse
858 4221 875 4254 a
946 4205 981 4258 25
1000 4208 1093 4257 uetere
1112 4204 1155 4256 Pa
1175 4206 1261 4258 ueteri
1281 4210 1332 4258 eet..

184 4297 218 4350 er
239 4281 507 4350 cicatricatum
529 4293 598 4364 exp
