3042 4918
263 434 292 496 X
727 427 944 480 Praelatio.

265 645 281 688 1
314 625 512 690 sermonibus
545 623 766 688 concinnatum
800 623 826 686 si
861 622 995 704 quaeris,
1029 640 1190 703 nequeas
1222 621 1282 686 hoc
1317 641 1410 704 opere

265 751 366 815 neque
396 751 432 795 ex
460 731 530 796 aliis
560 732 628 796 eius
657 729 881 813 scriptionibus
915 730 952 792 de
985 728 1043 792 hac
1076 748 1108 792 re
1141 727 1309 810 quicquam
1343 728 1410 792 erui

263 857 358 920 posse
383 838 473 902 scito.
499 837 613 901 etenim
643 835 745 900 tribus
773 836 852 900 locis
881 835 996 917 quibus
1024 835 1055 900 in
1083 835 1271 900 tractatibus
1299 837 1410 917 postea

265 945 451 1027 compositis
474 945 618 1028 legentes
642 943 680 1008 ad
705 943 964 1008 commentarium
989 943 1020 1007 in
1040 943 1146 1008 Lucan
1165 943 1330 1008 reuocauit
1350 961 1408 1007 suo

264 1070 349 1116 more
383 1051 570 1133 simpliciter
604 1051 700 1116 uerbo
733 1049 810 1113 olibi
848 1069 926 1114 usus
955 1053 1004 1114 est
1030 1049 1074 1131 (in
1103 1069 1149 1132 ps.
1187 1049 1317 1114 CXVIII
1357 1051 1408 1126 14,

264 1158 320 1232 38;
342 1157 373 1220 11
393 1176 440 1239 ps.
461 1157 516 1221 XL
536 1177 559 1221 s.
579 1159 636 1232 38;
657 1156 695 1220 dc
713 1158 813 1221 instit.
833 1157 914 1240 uirg.
935 1157 964 1235 6,
984 1157 1048 1236 42),
1075 1158 1185 1238 quarto
1205 1155 1259 1240 (de
1277 1158 1356 1238 patr.
1378 1159 1408 1231 4,

264 1265 318 1344 21)
351 1268 485 1328 tractata
515 1263 620 1328 habito
652 1263 687 1326 in
718 1263 915 1346 euangelium
946 1262 1074 1345 legitur.
1108 1261 1192 1344 apud
1222 1261 1408 1326 Cassianum

264 1373 369 1434 autem
394 1372 502 1433 contra
525 1369 614 1434 Nest.
639 1368 709 1446 vn,
734 1371 775 1433 25
801 1372 833 1432 et
855 1368 1071 1453 Augustinum
1100 1366 1137 1432 de
1166 1367 1267 1452 gratia
1290 1366 1409 1432 Christi

264 1477 316 1552 44,
346 1478 387 1540 48
415 1477 495 1540 11111
526 1496 561 1540 es
590 1475 750 1540 Ambrosii
777 1477 857 1540 libro
886 1475 1040 1558 excerptis
1069 1474 1263 1556 adscriptum
1296 1477 1346 1538 est
1375 1475 1409 1536 in

263 1584 453 1662 eapositione
479 1581 632 1665 cnorzpetir‘
660 1582 828 1646 seeundum
850 1583 972 1646 Lneen.
1001 1583 1118 1647 similia
1145 1581 1194 1646 bis
1223 1585 1299 1644 sunt
1328 1599 1408 1662 quae

263 1689 346 1769 apud
374 1689 591 1772 Augustinum
619 1689 690 1753 aliis
721 1689 877 1754 eiusmodi
904 1689 983 1754 locis
1011 1689 1226 1764 inueniuntur,
1255 1687 1347 1750 uelut
1373 1688 1409 1749 in

263 1797 450 1876 expositione
480 1796 635 1877 euangelii
658 1795 764 1858 Lucae
792 1795 844 1859 uel
872 1816 940 1858 1111
967 1800 1131 1876 1111111111
1153 1796 1218 1876 (uel
1241 1799 1408 1875 exponens)

262 1901 457 1984 euangelium
481 1902 650 1965 secundant
668 1900 797 1965 Iaccam.
823 1901 955 1984 denique
983 1902 1014 1966 in
1044 1900 1224 1967 Cassiodori
1249 1919 1407 1965 commen·

264 2009 343 2072 tario
369 2010 398 2072 in
425 2010 564 2091 psalmos
585 2009 639 2082 VI,
662 2011 690 2084 1,
711 2011 740 2084 9,
762 2027 823 2091 quo
847 2010 916 2073 loco
935 2008 1097 2073 Ambrosii
1119 2008 1198 2072 liber·
1217 2025 1407 2072 commemo-

264 2117 360 2190 ratur,
390 2115 467 2179 haec
494 2117 646 2198 leguntur
672 2117 708 2179 e'n
736 2117 927 2196 copositionc
949 2115 1055 2179 111111
1081 2114 1290 2196 enunpelistoe
1313 2117 1408 2196 atque

263 2220 359 2295 Beda,
389 2222 443 2303 qui
471 2221 502 2284 in
531 2221 627 2286 buius
652 2223 809 2306 euangelii
833 2221 1089 2304 interpretatione
1111 2221 1317 2285 Ambrosium
1340 2240 1407 2302 per-

262 2327 374 2392 multis
398 2327 477 2392 locis
502 2331 631 2392 secutus
656 2331 714 2404 est,
739 2327 824 2408 operi
849 2345 906 2390 suo
930 2325 1094 2408 inscripsit
1115 2325 1157 2388 In
1179 2325 1285 2389 Leucoe
1311 2345 1408 2388 11111-

260 2433 378 2514 9ele'nno
406 2434 565 2514 expositio.
596 2454 676 2516 quae
706 2452 777 2496 cum
806 2432 852 2495 ita
879 2436 995 2510 essent,
1023 2432 1152 2497 titulum
1184 2432 1274 2496 cuius
1307 2437 1407 2498 testes

263 2543 340 2603 sunt
368 2540 537 2604 Cassianus
567 2545 598 2603 et
620 2539 820 2622 Augustinus
849 2538 987 2620 recipere
1015 2557 1076 2602 non
1104 2521 1320 2604 dubitauimus
1349 2539 1408 2621 (ita

262 2649 367 2708 tamen
406 2648 442 2708 ut
479 2643 591 2708 Lacon
628 2646 848 2722 scriberemus
886 2665 958 2708 nam
996 2645 1053 2709 bac
1090 2645 1265 2710 1111111111
1306 2645 1408 2710 torma

261 2751 466 2816 Ambrosium
485 2752 516 2814 in
534 2751 605 2832 ipsa
624 2751 878 2834 interpretatione
904 2771 997 2816 usum
1021 2771 1090 2816 esse
1113 2751 1298 2816 melioribus
1322 2752 1406 2816 codi-

263 2857 353 2922 cibus
382 2859 626 2940 comprobatur).
656 2857 770 2940 quodsi
801 2877 873 2922 cum
905 2859 967 2922 ista
998 2858 1203 2940 inscriptione
1235 2859 1406 2922 contuleris

262 2964 375 3029 titulos
405 2965 459 3046 qui
487 2965 517 3028 in
546 2965 634 3029 libris
663 2965 887 3046 manuscriptis
917 2969 972 3028 aut
998 2965 1058 3029 toti
1082 2966 1165 3048 operi
1191 2969 1247 3029 aut
1270 2965 1405 3048 singulis

260 3069 350 3134 libris
378 3069 604 3155 praefiguntur,
633 3059 672 3136 11
700 3072 731 3135 11
759 3071 799 3136 111
833 3071 971 3154 quidem,
1005 3073 1065 3137 etsi
1096 3073 1127 3136 in
1159 3073 1278 3137 talibus
1310 3073 1405 3137 rebus
1502 3091 1503 3094 ’

260 3175 405 3242 librarios
439 3197 564 3241 summa
594 3177 723 3242 licentia
754 3197 831 3243 usos
865 3197 935 3244 1111
969 3182 1102 3255 1111111,
1132 3179 1218 3242 tituli
1247 3199 1341 3259 quem
1370 3183 1406 3243 ut

262 3282 433 3366 genuinum
458 3282 613 3368 elegimus
637 3283 774 3369 uestigia
798 3304 926 3366 prorsus
950 3285 1061 3349 deesse
1085 3305 1248 3369 agnosces

305 3388 395 3453 Hanc
428 3390 644 3471 quaestionem
678 3391 776 3456 altera
809 3391 943 3473 excipiat
974 3391 1011 3455 de
1047 3411 1176 3456 numero
1215 3399 1246 3455 et
1282 3391 1404 3456 ambitu

260 3494 414 3558 librorum
437 3495 468 3559 in
494 3515 572 3577 quos
592 3496 779 3561 Ambrosius
805 3499 1065 3562 commentarium
1089 3499 1290 3580 diuisitque
1314 3498 1352 3563 de
1371 3518 1404 3562 11

262 3600 471 3682 disputatoris
496 3603 585 3668 nobis
610 3603 648 3667 ab
668 3604 840 3688 Augustini
859 3605 1041 3669 testimonio
1060 3606 1323 3688 proficiscendum
1344 3611 1403 3682 111,

261 3707 368 3788 quiin
393 3708 473 3772 libro
504 3709 541 3774 de
570 3710 671 3794 gratia
695 3709 812 3776 Christi
843 3713 895 3786 45,
922 3713 964 3775 49
994 3715 1025 3776 11
1054 3714 1095 3776 50
1123 3712 1221 3776 uerba
1249 3712 1404 3795 quaedam

260 3813 430 3891 Ambrosii,
460 3834 540 3896 quae
569 3815 742 3880 secundum
776 3817 931 3882 editiones
962 3818 994 3882 in
1022 3819 1043 3882 l.
1072 3819 1101 3882 X
1125 3838 1150 3883 s.
1175 3820 1217 3882 89
1246 3821 1334 3900 (489,
1362 3819 1402 3882 15

259 3920 341 4001 sqq.)
360 3923 392 3983 et
410 3923 449 3984 91
472 3921 561 4004 (499,
582 3924 601 3985 9
622 3924 704 4008 sqq.)
724 3925 882 4008 leguntur,
902 3925 941 3988 ad
962 3943 1103 3988 nonum
1122 3925 1242 3988 librum
1262 3925 1401 3992 rettulit.

258 4025 341 4089 idem
371 4027 402 4089 in
432 4027 541 4091 eadem
570 4030 740 4112 scriptione
769 4031 821 4107 44,
852 4032 893 4094 48
928 4050 1007 4112 quae
1039 4049 1122 4096 nunc
1149 4031 1189 4110 ΙΙ,
1219 4033 1237 4095 8
1269 4037 1401 4104 exstant,

260 4131 447 4209 secundo,
477 4153 555 4215 quae
585 4141 690 4199 autem
720 4135 772 4214 Vl,
803 4139 844 4200 25
875 4139 907 4200 11
934 4136 1004 4214 VH,
1034 4139 1075 4202 27
1101 4141 1212 4203 serto
1240 4137 1320 4202 libro
1350 4139 1401 4202 ad-

259 4237 396 4321 scripsit.
421 4239 503 4304 unde
527 4244 615 4324 patet
638 4243 852 4326 Augustinum
877 4243 909 4306 11
938 4242 1046 4308 codice
1075 4263 1137 4325 quo
1165 4244 1314 4308 utebatur
1341 4263 1400 4310 non

259 4345 362 4408 solum
387 4363 466 4428 opus
491 4347 735 4413 Ambrosianum
758 4349 1284 4415 111111111111111(1111111111
1306 4351 1401 4415 etiam
1498 4389 1499 4447 4
