3112 4936
237 429 299 492 180
716 423 914 476 Ambrosii

234 602 340 701 itaeue
374 619 483 682 statim
516 619 604 700 lepre
635 616 798 682 discessit:
828 619 865 681 ut
892 617 1060 700 intellegas
1093 615 1248 680 medentis
1277 616 1380 680 adias·
1452 627 1539 680 1355]

189 725 314 800 4tum‚
345 725 514 789 ueritatem
546 724 633 806 operi
671 723 802 790 addidit.
843 723 978 806 denique
1021 723 1194 788 secumdum
1235 723 1380 788 Marcum

234 831 404 896 miseratus
432 834 483 895 cst
510 829 657 896 dominus
686 849 769 908 eum,
803 829 887 913 quod
920 835 970 894 cst
1001 829 1132 914 pulchre
1164 830 1316 912 positum.
1350 833 1382 894 et

234 938 382 1020 pleraque
405 938 483 1002 talia
505 939 680 1020 posuerunt
699 938 925 1021 euangelistae,
949 937 1003 1021 qui
1022 955 1079 1002 uos
1098 939 1233 1018 utroque
1251 935 1382 1002 fundare

234 1046 414 1122 uoluerunt,
444 1043 656 1110 describentes
690 1043 781 1128 signa
812 1043 942 1108 uirtutis
971 1043 1011 1108 ed
1037 1042 1142 1120 fidem,
1173 1043 1382 1124 exprimentes
1414 1067 1426 1106 s

234 1171 329 1234 opera
351 1151 481 1216 uirtutis
506 1150 544 1214 ad
567 1150 789 1216 imitationem.
818 1150 901 1214 nude
925 1153 958 1214 et
980 1150 1084 1233 tangit
1106 1168 1166 1214 non
1191 1148 1381 1234 dedignatus

234 1263 266 1323 et
283 1258 418 1339 imperat
440 1277 500 1322 non
520 1255 659 1332 diffisum
684 1255 744 1320 hoc
763 1257 846 1320 enim
867 1259 917 1322 est
934 1255 1087 1320 indicium
1106 1255 1287 1338 potestatis,
1307 1257 1383 1338 quia

234 1364 324 1447 quasi
346 1364 465 1428 habens
488 1367 680 1446 potestatem
705 1363 835 1428 sanandi
860 1366 892 1427 et
914 1362 1041 1428 iubendi
1067 1363 1287 1428 auctoritatem
1309 1382 1382 1443 ope·
1446 1373 1468 1428 C

232 1470 321 1536 randi
343 1471 564 1536 testimonium
589 1489 649 1535 non
673 1470 802 1554 refugit.
828 1470 921 1534 uolo
946 1489 1019 1552 ergo
1045 1468 1124 1533 dicit
1145 1471 1273 1552 propter
1295 1469 1381 1534 Foti-

190 1579 209 1640 5
233 1597 320 1654 num,
343 1577 478 1660 imperat
494 1580 622 1660 propter
640 1576 778 1656 Arrium,
799 1577 902 1660 tangit
920 1579 1048 1658 propter
1065 1575 1297 1641 Manichaeum.
1323 1595 1381 1640 nec
1401 1601 1426 1640 ιο

233 1683 329 1748 unius
352 1687 477 1748 tantum
499 1683 587 1765 lepra
608 1677 747 1761 curatur,
772 1682 828 1748 sod
851 1675 993 1748 omnium
1013 1682 1129 1765 quibus
1149 1681 1279 1746 dicitur:
1304 1682 1381 1746 iam

234 1809 305 1854 uos
330 1790 465 1854 mundi
489 1791 593 1856 estis
617 1793 784 1872 propter
807 1808 1042 1865 sermonem,
1076 1807 1187 1871 quem
1212 1789 1381 1854 loeutus

234 1917 318 1962 sum
342 1897 471 1962 uobis.
496 1897 524 1962 si
548 1898 647 1981 igitur
669 1899 775 1980 leprae
794 1897 951 1962 medicina
969 1896 1101 1960 uerbum
1123 1899 1182 1972 est,
1201 1897 1382 1961 contemtus

234 2003 343 2086 utique
367 2004 456 2068 uerbi
479 2004 567 2087 lepra
590 2005 706 2069 mentis
731 2007 787 2070 est.
817 2003 872 2068 sed
896 2022 934 2068 ue
957 2003 1045 2085 lepra
1068 2003 1200 2068 transire
1223 2004 1327 2085 possit
1349 2003 1381 2067 in

233 2109 403 2186 medicum,
415 2111 636 2194 unusquisque
647 2110 822 2175 dominicae
833 2109 1025 2174 humilitatis
1041 2109 1182 2191 exemplo
1197 2108 1381 2174 iactantiam
1402 2133 1426 2172 n
1448 2123 1473 2174 ι)

156 2238 177 2292 e,
194 2215 327 2282 renitet.
352 2235 408 2282 eur
432 2217 516 2280 enim
539 2217 733 2300 praecipitur
755 2217 873 2282 nemini
897 2217 1000 2282 dicere
1023 2216 1086 2280 nisi
1110 2219 1146 2280 ut
1169 2215 1296 2280 doceret
1318 2233 1381 2279 non

234 2323 395 2407 uulganda
418 2326 525 2388 nostra
548 2322 709 2398 beneficia,
730 2321 785 2387 sed
805 2323 985 2404 premenda,
1005 2325 1042 2386 nt
1060 2341 1121 2387 non
1142 2322 1246 2388 solum
1266 2343 1284 2386 a
1302 2341 1381 2386 mer-

234 2429 309 2496 cede
342 2429 558 2495 abstineamus
591 2429 753 2512 pecuniae,
787 2428 843 2494 sed
867 2429 963 2493 etiam
987 2429 1128 2512 gratiae?
1163 2433 1219 2492 aut
1245 2429 1380 2494 fortasse

234 2535 330 2600 etiam
348 2535 405 2600 illa
423 2535 543 2600 silentii
562 2555 659 2600 cause
673 2539 723 2602 est
736 2535 892 2618 imperati,
911 2535 995 2617 quod
1013 2536 1161 2600 meliores
1180 2535 1314 2618 putebat
1327 2535 1381 2617 qui

234 2641 294 2706 lide
317 2643 421 2727 magis
445 2646 618 2725 spontanea
643 2663 737 2725 quam
761 2643 896 2726 speratis
919 2641 1080 2708 beneficiis
1104 2641 1323 2710 credidissent.
1399 2665 1427 2706 ιο

191 2751 210 2814 6
280 2747 397 2814 Offerre
421 2751 528 2814 autem
552 2749 639 2814 iuxta
661 2749 764 2834 legem
790 2768 823 2813 se
852 2748 1044 2832 praecipitur
1073 2748 1229 2812 sacerdoti
1255 2769 1317 2814 uon
1345 2753 1381 2814 ut

158 2854 333 2933 analium
353 2855 483 2933 delerat,
503 2855 559 2920 sed
578 2859 615 2920 ut
633 2875 668 2920 se
686 2855 793 2938 ipsum
812 2855 869 2921 deo
890 2856 1000 2920 offerat
1018 2855 1160 2937 spiritale
1179 2854 1380 2933 sacrificium,

234 2965 270 3025 ut
293 2963 384 3024 actus
408 2961 569 3042 praeteriti
594 2961 781 3026 conluuione
806 2961 930 3026 detersa
953 2981 1008 3043 per
1026 2961 1238 3046 cognitionem
1257 2960 1330 3026 fidei
1349 2967 1382 3026 et
1446 2973 1468 3028 Ε

234 3066 408 3150 sapientiae
424 3066 621 3148 disciplinam
638 3067 793 3148 placitura
811 3067 869 3132 deo
888 3067 995 3132 hostia
1014 3069 1230 3143 consecratum
1251 3069 1380 3134 omnis

235 3173 319 3240 enirn
352 3173 485 3237 uictima
520 3173 605 3237 sele
642 3173 828 3239 salietur.
865 3175 948 3238 unde
977 3178 1009 3238 et
1036 3173 1156 3238 Paulus
1184 3175 1242 3239 ait:
1273 3175 1380 3240 obse·
1399 3199 1425 3238 as

235 3298 299 3344 ero
334 3297 428 3364 ergo
461 3297 542 3356 uos,
576 3280 737 3358 fratres,
771 3300 840 3362 per
872 3279 1196 3344 misericordiam
1230 3281 1304 3358 dei,
1339 3285 1381 3346 ut

234 3385 466 3451 exhibeatis
497 3404 664 3468 corpora
696 3391 835 3452 uestra
867 3386 1044 3451 hostiam
1078 3387 1378 3470 acceptabilem

324 3661 439 3716 2Marc.
461 3663 483 3729 1,
503 3663 535 3716 41
594 3663 624 3716 ll
646 3661 704 3717 Ioh.
726 3665 803 3728 15‚3
858 3664 1000 3718 altenis.
1022 3665 1099 3726 14.2
1154 3667 1189 3720 24
1207 3667 1288 3721 Marc.
1304 3669 1379 3732 9,49

235 3749 464 3818 aaaom.12,1

272 3874 493 3946 llepraeius1
529 3877 645 3946 2<qui>
664 3879 809 3931 ueritatem
829 3895 847 3930 c
883 3879 1101 3948 3eurnleius1
1136 3879 1199 3932 tin
1220 3883 1334 3948 utroque
1353 3879 1381 3932 B

235 3965 350 4030 utraque
368 3981 386 4033 χ
405 3967 431 4026 (ο
449 3980 470 4020 s.
491 3981 507 4027 e
526 3964 565 4025 E)
638 3967 654 4020 5
674 3967 848 4035 exprimentis
868 3972 921 4032 (-es
940 3971 998 4036 ιη3)
1018 3967 1045 4020 P
1111 3969 1126 4021 7
1146 3967 1253 4022 diifixus
1272 3967 1299 4020 P
1316 3973 1340 4030 (s
1358 3983 1380 4020 s.

234 4053 325 4114 rnre)
345 4049 371 4102 L
412 4051 477 4104 Set
495 4051 624 4120 operandi
643 4054 690 4124 Χχ
732 4053 766 4107 10
784 4051 926 4124 tangetA
984 4053 1153 4108 manicheum
1172 4055 1228 4108 ΔΡ
1269 4055 1298 4109 ll
1319 4059 1381 4109 ten-

235 4143 294 4191 tum
313 4139 392 4192 unius
411 4140 442 4193 X
505 4141 537 4194 12
556 4141 688 4210 loquutus
706 4141 792 4196 FOV
854 4143 886 4196 13
906 4143 983 4196 uobis
1003 4158 1054 4196 oon.
1073 4142 1101 4196 P
1164 4143 1380 4198 renuntiantis

237 4227 265 4291 (h
284 4243 305 4280 e.
325 4245 351 4280 ιι.
371 4229 429 4292 m2)
448 4229 475 4281 A
530 4229 564 4282 20
583 4229 662 4282 fidem
682 4230 728 4282 Aa
747 4229 809 4282 fidei
828 4230 855 4283 P
908 4231 943 4284 22
962 4219 1060 4286 dido
1118 4233 1152 4285 23
1172 4230 1381 4301 deserta(terso

236 4331 257 4368 a.
277 4319 360 4383 serta)
383 4315 406 4370 0
458 4319 494 4388 aa
513 4321 541 4372 et
560 4333 611 4372 oen.
630 4336 647 4368 π
720 4307 763 4372 scs
781 4320 878 4388 paulus
898 4319 949 4373 PL
