3050 4936
233 463 298 525 430
723 461 918 516 Ambrosii

232 657 315 721 enim
341 657 461 722 deferre
484 679 539 742 pro
564 659 696 722 meritis.
720 677 814 740 pesce
838 662 957 741 patrem
984 647 1088 740 tuum,
1117 678 1209 743 pasoe
1238 665 1387 726 matrem.

233 768 266 828 et
283 765 309 828 si
325 765 449 847 pauoris
464 771 605 843 matrem,
618 765 719 830 adhue
734 784 793 829 non
810 765 975 830 reddidisti
991 767 1125 842 dolores,
1139 786 1200 830 non
1215 767 1387 832 reddidisti
1457 777 1474 825 r·

230 873 404 948 eruciatus,
424 891 502 952 quos
522 891 577 954 pro
597 875 630 935 te
648 891 742 954 passa
756 876 815 944 est,
832 891 890 936 non
906 871 1071 937 reddidisti
1086 873 1247 955 obsequia,
1264 873 1386 954 quibus

231 983 264 1042 te
283 977 339 1040 illa
354 979 504 1059 gestauit,
520 997 579 1042 non
595 977 760 1043 reddidisti
781 977 939 1055 alimenta,
960 999 1039 1060 quae
1059 979 1172 1043 tribuit
1189 983 1297 1043 tenero
1316 981 1385 1060 pie-

231 1085 308 1149 tatis
327 1085 453 1149 adfectu
469 1085 648 1168 inmulgens
667 1085 764 1148 labris
783 1085 848 1149 tuis
868 1085 974 1158 ubere,
993 1105 1054 1149 non
1074 1085 1237 1150 reddidisti
1253 1087 1384 1155 famem.
1419 1111 1431 1146 s

231 1211 325 1274 quarn
343 1209 398 1273 pro
414 1197 445 1256 te
460 1192 516 1256 ille
528 1191 686 1266 tolerarit,
702 1211 740 1254 ne
756 1191 832 1274 quid
847 1191 930 1273 quod
945 1193 1004 1254 tibi
1019 1192 1145 1257 noxium
1161 1197 1248 1257 esset
1262 1193 1383 1262 ederet.

232 1318 270 1362 ne
290 1299 366 1380 quid
387 1298 470 1380 quod
489 1299 564 1362 lacti
584 1301 708 1363 noceret
727 1298 876 1365 hauriret.
893 1298 950 1362 tibi
965 1299 1021 1363 ille
1035 1299 1199 1373 ieiunarit,
1215 1300 1273 1363 tibi
1295 1319 1382 1364 man-

231 1407 372 1482 ducauit,
397 1407 456 1470 tibi
483 1406 540 1470 illa
568 1425 661 1489 quem
690 1406 795 1471 uoluit
824 1407 929 1470 eibum
959 1425 1018 1470 non
1044 1407 1175 1490 aceepit,
1200 1407 1258 1471 tibi
1284 1427 1381 1490 quem

232 1513 335 1576 noluit
350 1512 455 1577 eibum
475 1514 599 1590 sumsit,
619 1513 678 1576 tibi
697 1513 855 1596 uigilauit,
871 1513 929 1577 tibi
950 1513 1052 1577 fleuit:
1073 1517 1104 1577 et
1122 1517 1158 1577 tn
1176 1515 1265 1578 illam
1285 1534 1380 1598 egere

231 1620 384 1701 patieris?
412 1639 429 1682 o
457 1619 513 1693 fili,
543 1623 695 1701 quantum
724 1619 782 1682 tibi
812 1620 911 1683 sumis
935 1621 1099 1694 iudicium,
1128 1620 1155 1684 si
1180 1639 1239 1684 non
1265 1641 1380 1702 pasees
1403 1627 1468 1682 ion

231 1727 407 1806 parentem!
426 1725 473 1789 illi
494 1725 589 1789 debes
610 1725 693 1808 quod
718 1725 825 1800 hebes,
850 1726 899 1790 eui
924 1724 1019 1790 debes
1045 1725 1128 1809 quod
1153 1745 1197 1790 es.
1223 1731 1379 1808 orientum

229 1831 394 1908 iudicium,
428 1833 455 1895 si
482 1835 593 1914 paseat
621 1833 753 1896 ecelesia
777 1851 857 1914 quos
886 1837 920 1895 tu
950 1831 1031 1895 nolis
1055 1835 1198 1916 pesoere!
1231 1833 1261 1897 si
1291 1834 1378 1915 quis

230 1937 358 2001 fidelis
382 1938 487 2020 inquit
510 1941 574 2001 aut
606 1939 639 2002 si
669 1958 738 2020 qua
766 1938 897 2002 fidelis
926 1939 1039 2003 habet
1063 1939 1209 2015 uiduae,
1234 1941 1378 2004 submi-

230 2045 370 2108 nistret
388 2045 480 2120 illis,
502 2050 542 2107 ut
562 2063 630 2108 non
651 2048 832 2128 grauetur
852 2046 1024 2122 eeclesia,
1045 2049 1086 2109 ut
1105 2047 1163 2110 his
1180 2066 1273 2128 quae
1290 2067 1377 2111 uere

230 2149 367 2214 uiduae
401 2153 487 2214 sunt
520 2150 702 2214 sufficiat.
738 2153 794 2214 hoo
829 2151 866 2214 de
895 2151 1062 2215 extraneis:
1098 2151 1173 2233 quid
1202 2151 1239 2214 de
1268 2171 1425 2234 paren-is

228 2256 337 2320 tibus?

160 2357 203 2420 76
272 2362 343 2426 Non
368 2363 468 2427 otiose
488 2363 622 2426 diximus
646 2363 785 2444 proxime
810 2363 884 2444 quia
907 2382 964 2427 nos
989 2364 1098 2427 matris
1123 2363 1262 2444 querella
1286 2384 1376 2446 prae-

228 2469 362 2547 strinxit,
387 2471 442 2534 sed
466 2469 637 2534 maluimus
657 2489 729 2532 eum
749 2470 803 2551 qui
823 2469 897 2533 talis
917 2471 966 2533 est
984 2470 1110 2552 publice
1130 2489 1256 2535 monere
1277 2491 1372 2554 quam

228 2577 400 2642 domestice
428 2596 578 2642 eoeroere.
608 2579 640 2640 et
668 2577 695 2641 si
722 2581 829 2641 nostre
856 2595 934 2641 uoee
962 2597 1022 2640 non
1053 2577 1206 2660 proditur,
1236 2579 1289 2642 uel
1312 2598 1371 2642 suo
1444 2594 1467 2646 Ε

226 2688 331 2747 tamen
357 2685 521 2748 erubeseat
544 2684 679 2748 adiectu.
705 2703 742 2747 ue
767 2683 961 2760 conmissus,
990 2683 1045 2760 lili,
1070 2687 1106 2747 ut
1128 2687 1273 2766 parentes
1297 2691 1371 2750 tuos
1391 2711 1418 2748 20

226 2790 359 2854 aliorum
384 2791 482 2854 fames
507 2795 626 2872 pascet,
651 2809 689 2854 ne
710 2790 904 2866 conmiseris,
928 2789 984 2864 fili,
1008 2795 1045 2853 ut
1063 2790 1179 2854 ieiunia
1197 2809 1371 2873 paupemm

226 2897 409 2977 parentibus
442 2897 506 2960 tuis
539 2897 646 2961 eibum
679 2901 839 2979 quaerent.
874 2897 901 2961 si
933 2916 993 2960 non
1022 2900 1150 2979 propter
1177 2899 1310 2980 gratiam
1340 2903 1372 2961 et

226 3003 372 3073 salutem,
393 3007 519 3086 propter
542 3004 763 3068 uerecundiam
786 3023 879 3086 pasce
904 3004 956 3068 uel
979 3008 1024 3082 tu,
1047 3003 1101 3067 fili.
1126 3023 1163 3068 an
1187 3024 1247 3068 non
1273 3005 1371 3087 pudet

225 3111 254 3174 si
278 3119 309 3174 te
332 3109 526 3194 ingrediente
551 3111 582 3173 in
607 3111 774 3174 ecelesiam
798 3109 907 3175 alienis
932 3129 1042 3174 rnanus
1067 3129 1140 3174 suas
1165 3130 1243 3175 anus
1270 3115 1372 3176 mater

315 3336 331 3388 2
347 3335 413 3388 Tob.
427 3339 452 3402 4,
466 3339 492 3392 4.
506 3336 589 3392 Eccli.
606 3339 628 3404 7,
646 3338 678 3390 ‘27
694 3354 733 3405 sq.
772 3339 787 3392 5
808 3335 889 3406 Uerg.
909 3339 976 3390 rien.
991 3337 1030 3390 XI
1044 3337 1096 3392 572
1135 3339 1167 3390 12
1183 3337 1196 3390 Ι
1211 3337 1279 3394 Τίιηζ
1295 3342 1320 3404 5,
1337 3340 1369 3392 16

263 3481 409 3532 lmatrem
428 3483 535 3550 tuorna
590 3481 677 3532 2nou
698 3478 842 3532 reddidisti
861 3480 959 3534 om.X
1012 3479 1185 3540 5adleetum
1206 3483 1233 3534 P
1286 3483 1369 3535 dne·

225 3569 296 3620 rium
315 3571 341 3634 (o
360 3584 381 3620 s.
403 3569 426 3634 e)
446 3567 472 3619 P
535 3568 549 3620 7
569 3571 679 3620 noceret
700 3571 738 3633 (re
756 3585 777 3622 s.
798 3571 836 3633 u.)
856 3566 975 3620 hauriret
994 3569 1021 3639 (u
1041 3586 1062 3621 s.
1082 3587 1109 3624 u.
1129 3571 1185 3634 m3)
1204 3569 1231 3621 P
1301 3571 1369 3623 hau·

224 3659 276 3710 rire
296 3659 326 3710 X
380 3658 395 3709 8
416 3673 493 3724 quern
514 3655 601 3708 uoluit
618 3656 670 3708 tibi
690 3671 739 3708 one.
760 3675 777 3726 χ
846 3658 861 3708 9
880 3655 957 3709 fleuit
977 3661 1004 3710 et
1022 3662 1052 3710 tu
1073 3657 1159 3725 illurn]
1182 3673 1261 3726 quem
1280 3660 1369 3712 noluit

225 3746 313 3799 eibum
334 3747 360 3798 P
376 3749 417 3797 rui
436 3749 515 3811 (corr.
535 3746 592 3812 m2)
611 3744 637 3796 L
718 3745 750 3798 10
770 3746 870 3814 pateris
892 3744 945 3796 CX
1039 3746 1070 3798 13
1089 3745 1183 3800 fideles
1202 3747 1248 3813 (is
1267 3751 1324 3815 m2)
1342 3748 1371 3801 P

225 3835 341 3889 infidelis
362 3835 417 3885 αἵθ
508 3835 539 3886 13
559 3835 617 3902 aut]
639 3837 670 3886 ut
689 3835 720 3886 X
798 3851 850 3903 que
868 3833 920 3886 PL
940 3835 1000 3903 quis
1020 3833 1081 3902 αἵθ,
1101 3836 1177 3903 quasi
1196 3842 1242 3889 eet.
1264 3837 1298 3903 (si
1317 3837 1368 3890 atel.

225 3928 271 3976 1122
296 3925 328 3988 V)
436 3921 528 3975 fideles
547 3922 599 3974 PL
700 3923 732 3976 14
753 3923 850 3992 quiX
960 3923 1128 3976 neraePOr
1221 3925 1253 3978 15
1274 3925 1371 3994 quiX

226 4014 258 4064 17
276 4012 371 4064 matris
391 4011 488 4082 αῙΒΟχ
507 4013 637 4064 maternis
655 4013 683 4064 P
701 4019 726 4076 (a
745 4027 765 4064 s.
785 4013 808 4074 is
828 4015 883 4080 1ηὲ)
902 4011 927 4063 L
945 4013 1033 4082 magis
1053 4013 1083 4065 X
1171 4013 1206 4067 20
1226 4015 1370 4067 erubeseat

224 4101 296 4170 αῑθχ
316 4101 448 4153 erubescit
468 4101 494 4152 P
511 4101 559 4166 (eit
577 4117 598 4152 e.
618 4103 657 4166 u.)
676 4100 729 4152 BL
749 4101 890 4154 erubescet
908 4101 939 4154 X
1045 4105 1076 4152 ut
1095 4102 1123 4154 iu
1142 4117 1199 4154 rae.
1217 4101 1251 4167 P,
1271 4117 1322 4155 eiii.
1342 4102 1370 4155 L

224 4192 255 4243 21
278 4191 367 4242 aliena
385 4190 463 4242 fomis
485 4189 514 4242 X
585 4191 618 4244 23
638 4191 682 4244 uel
702 4195 731 4245 tu
752 4191 801 4260 tili]
822 4190 899 4244 uelut
916 4191 988 4244 filius
1008 4191 1068 4258 u't',
1089 4189 1133 4244 uel
1153 4195 1182 4243 tn
1202 4191 1258 4244 filie
1276 4192 1325 4260 Χχ
1343 4200 1369 4245 el

223 4283 270 4332 m3
290 4280 387 4348 lasney.
407 4280 433 4332 P
521 4297 553 4333 an
574 4297 628 4333 non
648 4279 703 4332 (PC
720 4297 772 4333 non
795 4285 840 4334 cet.
932 4281 966 4334 24
986 4280 1156 4350 ingrediente
1175 4279 1227 4333 PL
1300 4297 1369 4336 anus

221 4385 275 4420 om.
295 4368 333 4434 P;
351 4371 438 4420 mator
456 4385 521 4421 anus
541 4369 571 4420 X
