3112 4936
228 409 291 473 164
700 405 897 460 Ambrosii

226 600 280 682 qui
304 605 444 664 saeratae
473 600 605 666 oonsilio
634 601 769 684 puellae,
795 621 875 684 quae
905 603 1013 667 fruetis
1038 601 1161 666 uiribus
1189 601 1308 666 oinium
1337 600 1368 664 in

225 706 373 772 hostilem
399 708 526 791 captiua
548 711 678 772 uenerat
701 711 903 790 potestatem,
927 727 946 772 a
967 709 1120 791 propheta
1143 709 1281 774 salutem
1300 725 1369 789 spe·
1446 731 1533 782 rsus.

224 831 292 876 rare
316 813 526 878 commonitus
550 832 610 877 non
628 813 743 878 terreni
762 814 847 899 regis
866 815 1009 896 imperio,
1029 813 1085 880 sed
1105 813 1230 878 diuinae
1249 813 1370 878 miseri-

160 910 199 976 51
226 919 349 984 cordiae
372 919 561 984 liberalitate
585 925 723 984 sanatur.
748 941 804 986 cur
820 922 955 1004 mystico
974 940 1104 986 numero
1123 939 1264 1004 mergere
1282 920 1369 984 iube·

225 1029 297 1090 tur?
313 1045 369 1090 eur
381 1026 522 1091 Iordanis
538 1025 653 1092 flumen
669 1027 817 1111 eligitur?
832 1047 877 1092 no
888 1047 959 1092 nne
979 1028 1106 1093 bonus
1120 1027 1223 1109 inquit
1238 1025 1369 1090 Abona
1402 1053 1415 1089 e

227 1137 265 1196 et
286 1132 495 1215 Pharphar
518 1133 648 1198 fluuii
671 1135 860 1199 Damasci
883 1154 976 1216 prae
1004 1135 1198 1200 Iordane?
1228 1133 1284 1198 sed
1311 1132 1369 1196 ira-

225 1242 279 1304 tus
302 1238 361 1303 bos
384 1239 544 1321 praetulit,
573 1239 737 1304 Iordanem
760 1240 933 1304 meditatus
957 1240 1068 1323 elegit;
1092 1239 1195 1304 nescit
1218 1239 1302 1303 enim
1324 1239 1370 1302 ira

225 1346 424 1428 mysterium,
457 1345 534 1410 tides
561 1347 660 1412 nouit.
695 1347 779 1412 disee
808 1347 1010 1429 baptismatis
1039 1347 1173 1431 gratiam
1202 1346 1367 1412 salutaris:

225 1453 280 1534 qui
311 1453 455 1536 leprosus
484 1459 636 1518 merserat
662 1453 764 1518 fidelis
794 1454 932 1522 emersit.
965 1453 1052 1518 disee
1081 1453 1236 1534 spiritalia
1268 1471 1368 1516 saera·

224 1563 331 1622 menta
354 1559 486 1642 signori:
520 1560 659 1643 corporis
682 1560 857 1624 remedium
880 1561 1010 1642 petitur,
1040 1561 1156 1625 mentis
1180 1559 1366 1642 adquiritur.
1389 1567 1458 1624 roB

224 1665 364 1730 abluitur
382 1685 464 1742 earo,
485 1666 629 1732 adfectus
649 1668 797 1732 abluitur.
817 1687 878 1732 non
899 1668 981 1732 enirn
996 1667 1098 1750 magis
1114 1667 1252 1750 eorporis
1273 1685 1367 1748 quarn

223 1773 339 1836 mentis
358 1773 476 1855 lepram
496 1773 589 1838 uideo
609 1774 708 1839 luisse
723 1774 918 1852 mundatam,
938 1774 1061 1856 quando
1080 1777 1154 1856 post
1171 1772 1369 1855 baptismum

224 1879 342 1943 ueteris
367 1880 478 1944 erroris
501 1880 689 1946 conluuione
710 1881 834 1946 detersa
853 1883 948 1965 negat
966 1899 1000 1946 se
1025 1880 1085 1944 diis
1104 1879 1216 1944 alienis
1234 1879 1367 1952 hostias,

156 1977 198 2044 52
224 2005 302 2067 quas
327 1986 460 2068 spondet
482 1986 620 2069 domino,
653 1988 830 2054 litaturum.
865 1987 951 2052 disce
975 1987 1071 2051 etiam
1095 2003 1251 2070 congruae
1280 2003 1366 2066 prae·

224 2095 316 2175 cepta
347 2093 492 2159 uirtutis:
525 2095 674 2176 probauit
701 2094 795 2160 fidem
824 2095 879 2177 qui
906 2093 1045 2178 praemia
1077 2093 1247 2158 recusauit.
1282 2091 1368 2155 disce
1389 2117 1413 2156 re

223 2202 357 2282 utroque
381 2200 537 2266 dictorum
556 2201 774 2284 laetorumque
793 2201 977 2284 magisterio
997 2200 1073 2284 quid
1092 2199 1246 2282 sequaris.
1270 2197 1367 2262 habes

224 2306 341 2370 domini
373 2312 588 2392 praeseptum,
623 2307 708 2372 uatis
741 2309 918 2388 exemplum
951 2307 1050 2392 gratis
1082 2306 1234 2388 accipere,
1268 2303 1368 2388 gratis
1435 2317 1456 2370 (τ

224 2413 297 2477 dare
320 2432 376 2478 neo
401 2415 535 2478 uendere
564 2414 788 2492 ministerium,
822 2413 877 2478 aed
908 2414 1030 2490 offerre3
1064 2432 1125 2477 non
1155 2412 1237 2476 onim
1267 2411 1366 2494 pretio

223 2523 346 2584 taxatur
369 2519 419 2584 dei
447 2520 549 2603 gratia
576 2540 633 2584 neo
660 2521 693 2584 in
722 2521 927 2586 sacramentis
954 2520 1079 2584 luorum
1107 2518 1277 2602 quaeritur,
1311 2516 1366 2582 sed

224 2625 412 2707 obsequium
435 2627 618 2692 sacerdotis.
1387 2655 1412 2692 eo

157 2725 200 2788 53
268 2731 337 2796 Non
366 2735 470 2796 tamen
504 2737 554 2796 sat
582 2736 632 2797 est
660 2733 687 2798 si
715 2733 839 2798 lucrum
867 2734 936 2816 ipse
963 2753 1024 2799 non
1053 2752 1199 2815 quaeras:
1228 2729 1366 2796 familiae

224 2856 348 2919 quoque
363 2841 436 2902 tuae
455 2838 647 2904 cohibendae
666 2859 778 2904 manus
794 2843 877 2904 sunt.
898 2859 954 2904 neo
972 2841 1032 2904 hoo
1052 2840 1156 2904 solum
1176 2837 1364 2921 exposcitur.

224 2947 260 3006 ut
292 2947 323 3008 te
357 2944 459 3008 solum
494 2947 617 3009 castum
651 2946 940 3029 inmaculatumque
974 2945 1150 3019 custodias:
1189 2963 1249 3008 non
1284 2942 1364 3007 enim

314 3190 329 3240 5
349 3188 414 3257 Reg.
433 3187 488 3242 IIII
507 3189 532 3252 5,
554 3189 586 3242 12
643 3191 675 3243 13
694 3190 760 3259 Reg.
781 3189 835 3243 llll
855 3191 879 3250 5,
901 3191 932 3243 17
994 3191 1025 3242 17
1045 3189 1143 3241 Matth.
1165 3187 1205 3250 10,
1225 3187 1241 3240 8

261 3331 273 3382 l
299 3329 403 3384 solutae
423 3330 451 3383 P
471 3331 497 3400 (o
516 3348 549 3384 ea
568 3349 583 3384 a
602 3335 658 3397 md)
678 3333 704 3386 L
728 3349 802 3386 sacre
824 3333 849 3386 G
873 3334 973 3386 sacrati
1001 3333 1031 3384 X
1052 3337 1091 3400 (·o
1110 3334 1167 3396 aad)
1257 3330 1365 3386 haedis

224 3418 251 3470 P
323 3419 339 3472 3
362 3420 540 3474 commonitus
564 3423 590 3487 (o
612 3422 660 3474 alt.
680 3437 713 3476 aa
732 3424 759 3487 u)
778 3422 811 3482 P.
836 3427 879 3488 (ex
898 3423 1050 3476 cominutus
1069 3425 1125 3486 ort’)
1147 3421 1172 3474 G
1251 3421 1269 3474 4
1287 3435 1365 3472 sane-

224 3511 268 3560 tur
290 3506 344 3562 FO
366 3514 390 3562 et
413 3513 438 3574 (e
462 3525 495 3562 eo:
518 3511 544 3576 a)
573 3509 597 3561 V
730 3527 850 3579 mergere
874 3513 893 3571 (i
916 3529 937 3566 a.
963 3529 977 3564 e
1002 3511 1051 3564 alt.
1076 3516 1101 3563 et
1124 3527 1152 3562 re
1176 3527 1236 3578 emp.
1259 3510 1316 3574 m3)
1342 3509 1369 3561 P

223 3598 339 3664 mergeri
363 3597 388 3648 V
439 3598 572 3652 hilurius
592 3600 635 3670 Bp
700 3600 765 3653 boni
783 3599 836 3652 ΒΟ
853 3607 878 3653 et
896 3603 915 3668 (i
935 3617 967 3654 ex
985 3605 1027 3664 ns)
1052 3601 1077 3652 Τ
1136 3599 1223 3652 abana
1242 3597 1367 3652 orBFLO

224 3691 249 3738 et
272 3686 313 3749 (in
334 3703 384 3754 urg.
408 3691 456 3740 m2
479 3687 589 3754 ebrona)
613 3688 643 3756 T,
667 3693 694 3752 (a
717 3689 766 3742 alt.
791 3690 822 3740 in
844 3706 900 3744 ros.
920 3693 940 3743 2
959 3690 1021 3756 litt.)
1045 3690 1076 3750 V,
1101 3689 1208 3742 abanna
1230 3693 1313 3756 (anna
1330 3705 1364 3739 ru.

225 3779 283 3826 rarat.
303 3775 333 3828 r'n
352 3777 418 3842 ros.)
437 3776 471 3844 P,
490 3776 603 3830 ahenam
623 3795 647 3846 γ,
667 3777 800 3830 abrathon
818 3777 850 3838 G.
871 3779 972 3832 abrana
986 3799 1012 3844 π,
1031 3779 1159 3832 abranam
1172 3778 1208 3846 E,
1228 3777 1327 3832 abaron
1344 3777 1368 3828 ('

224 3864 240 3914 6
259 3863 396 3932 pharphar
414 3865 441 3917 P
461 3866 502 3930 (ira
524 3882 580 3919 ros.
600 3883 633 3918 m.
655 3869 723 3932 aret.)
747 3867 772 3919 Τ
793 3869 816 3932 (r
829 3883 875 3936 pr.
895 3869 925 3920 in
943 3885 1008 3934 raa,
1027 3867 1059 3920 a'n
1077 3885 1127 3936 mp.
1147 3871 1194 3920 m2
1212 3866 1365 3936 pharthenrl

223 3951 326 4004 sarlhar
344 3951 397 4006 FO
415 3953 520 4006 farshar
538 3959 561 4021 (r
580 3955 630 4008 ult.
649 3971 669 4008 a.
689 3973 726 4022 aa,
745 3956 820 4008 larsh
839 3958 870 4010 iu
888 3963 955 4023 ros.)
979 3956 1003 4008 V
1021 3956 1135 4026 pharsan
1154 3956 1180 4010 L
1198 3955 1318 4026 phordan
1340 3956 1366 4008 G

224 4038 383 4107 pharatham
403 4043 430 4106 (a
449 4041 499 4095 alt.
520 4045 631 4112 ereslp
654 4043 797 4112 phartham
816 4046 845 4098 E
864 4045 978 4113 parthau
994 4045 1056 4098 aar
1076 4051 1101 4100 et
1119 4049 1150 4113 (s.
1169 4050 1211 4100 ml
1229 4045 1368 4108 farfanlb'

259 4127 396 4181 dordonam
416 4133 451 4196 (m
470 4147 529 4198 exp.
549 4135 604 4198 m3)
624 4133 651 4184 P
712 4133 728 4186 8
748 4133 879 4202 spiritalis
902 4132 924 4184 C
978 4135 1011 4186 14
1030 4133 1141 4204 spondit
1159 4135 1206 4205 Χχ
1225 4139 1277 4204 (·et
1295 4150 1365 4188 corr.

224 4215 264 4282 E)
284 4217 465 4286 spoponderat
485 4219 527 4273 nO
591 4221 623 4273 18
643 4221 798 4290 mysterium
819 4223 902 4274 PLX
964 4225 995 4276 21
1018 4224 1085 4276 satis
1107 4223 1183 4277 CFO
1201 4230 1226 4277 et
1244 4225 1277 4294 (is
1296 4241 1317 4278 s.
1337 4241 1364 4276 u.

224 4307 280 4370 ru2)
300 4306 348 4360 orV
