3044 4930
272 439 414 510 Expositio
434 440 569 510 euangelii
587 441 677 494 Lucae
696 441 738 496 Ill
756 442 862 496 34-37
882 441 1112 506 (ratos—1327
1132 441 1175 513 Ε).
1228 449 1289 510 125

147 636 327 701 desiderans
351 637 449 700 alium
473 636 629 718 quendam
648 635 886 702 successionum
907 637 1046 702 ordinem
1065 639 1169 702 tenuit
1190 659 1291 720 neque

145 743 254 808 Achab
284 762 386 826 neque
408 743 591 808 lechouiam
623 761 725 826 neque
756 748 916 825 postremo
941 745 998 812 Uri
1029 765 1158 812 uxorem
1190 747 1291 810 nomi-

145 849 265 914 nandos
294 849 433 932 putauit,
465 854 503 914 ut
528 849 753 914 inmaculatam
784 850 988 916 sacerdotalis
1021 851 1144 935 generis
1178 851 1334 916 seriemB

145 956 329 1022 declararet.
367 956 424 1020 sed
450 959 486 1020 ut
512 956 561 1020 illi
590 955 714 1021 consilii
742 957 792 1020 sui
823 956 903 1020 ratio
937 957 1087 1022 subsistit
1117 959 1163 1022 ita
1195 959 1290 1022 etiam

109 1075 128 1128 's
146 1063 248 1126 sancti
277 1062 432 1128 Matthaei
466 1062 634 1127 consilium
667 1081 685 1126 a
716 1062 848 1127 rationis
880 1062 1006 1128 iustitia
1037 1083 1098 1130 non
1132 1064 1288 1130 abhorret.

144 1189 217 1234 nam
240 1188 313 1234 cum
333 1168 567 1252 euangeliuaret
585 1169 748 1234 dominum
768 1168 942 1234 secundum
963 1189 1088 1234 carnem
1108 1189 1177 1236 esse
1197 1189 1290 1254 gene-

144 1281 260 1356 ratum,
298 1276 352 1358 qui
385 1275 527 1342 omnium
558 1280 689 1358 peccata
721 1275 907 1358 susciperet,
941 1276 1121 1342 subiectum
1154 1277 1289 1354 iniuriis,

144 1384 309 1450 subditum
331 1383 484 1466 passioni,
516 1402 555 1447 ue
584 1383 679 1448 buius
707 1382 836 1465 quidem
863 1384 991 1466 putauit
1018 1388 1173 1450 exsortem
1202 1385 1290 1448 adse·

143 1492 275 1556 rendum
299 1509 369 1556 esse
393 1489 532 1572 pietatis,
557 1493 594 1554 ut
615 1491 794 1554 maculatae
817 1509 945 1573 quoque
964 1490 1094 1573 originis
1117 1511 1179 1556 nou
1202 1511 1290 1557 recu-

101 1627 126 1666 ro
144 1603 229 1664 saret
256 1597 414 1670 iniuriam,
448 1597 545 1662 simul
576 1616 614 1661 ne
642 1595 774 1680 puderet
802 1598 969 1662 ecclesiam
1003 1597 1041 1661 de
1068 1599 1289 1680 peccatoribus

144 1703 338 1788 congregari,
359 1723 430 1788 cum
450 1703 596 1768 domiuus
615 1704 654 1768 de
673 1703 893 1786 peecatoribus
912 1707 1104 1769 nasceretur.
1128 1709 1288 1786 postremo
1314 1710 1335 1766 c

143 1815 181 1876 ut
199 1810 387 1876 beneficium
406 1809 611 1876 redemtionis
631 1811 726 1874 etiam
745 1830 763 1874 a
782 1811 849 1874 suis
869 1809 1042 1876 maioribus
1062 1811 1233 1888 inchoaret,
1252 1833 1290 1878 ne

144 1919 216 2001 quis
239 1919 368 2001 putaret
390 1917 521 2000 originis
544 1917 703 1981 maculam
726 1917 939 2000 inpedimento
963 1935 1058 1999 posse
1082 1935 1151 1982 esso
1176 1919 1290 1984 uirtuti

143 2043 202 2090 nec
226 2043 260 2089 se
283 2023 423 2090 insolens
447 2023 485 2088 de
509 2023 561 2089 sui
584 2023 708 2106 generis
731 2023 898 2088 nobilitate
912 2023 1054 2089 iactaret
1078 2043 1158 2088 neue
1180 2043 1290 2106 parcu-

99 2157 125 2200 15
142 2135 213 2196 tum
232 2131 363 2196 crimina
381 2129 589 2194 uerecundior
607 2130 816 2208 erubesceret,
841 2130 892 2196 oui
910 2131 1143 2196 obumbrandae
1159 2133 1289 2216 originis

143 2237 430 2330 facultasudaretur
451 2237 526 2302 licre
550 2237 692 2301 uirtutis.

59 2351 97 2412 37
187 2345 236 2408 An
260 2361 336 2409 uero
360 2347 490 2408 sauctus
514 2343 628 2422 Dauid,
652 2343 729 2407 licet
747 2344 849 2408 multa
867 2343 936 2408 eius
955 2343 987 2408 in
1006 2343 1192 2427 mysterium
1211 2343 1288 2429 figu-

143 2456 261 2525 rentur,
294 2469 355 2514 uou
384 2468 420 2514 ec
448 2449 639 2532 praecelsior
666 2449 750 2530 quod
778 2450 938 2514 hominem
969 2469 1003 2514 se
1036 2469 1106 2516 esse
1139 2452 1333 2535 cognouitb

144 2561 176 2620 et
199 2556 395 2622 conmissum
419 2574 514 2638 super
537 2555 666 2639 abrepta
689 2556 744 2621 Uri
768 2575 862 2621 uxore
886 2561 1052 2639 peccatum
1078 2557 1288 2638 paenitentiae

98 2693 125 2731 ac
143 2663 271 2746 putauit
293 2662 433 2728 lacrimis
457 2663 659 2740 abluendum,
689 2663 857 2728 ostendeus
880 2663 971 2728 uobis
994 2663 1152 2728 neminem
1177 2663 1289 2728 uirtuti

143 2769 287 2852 propriae
302 2769 414 2832 debere
429 2768 605 2834 confidere?
629 2769 782 2834 habemus
797 2770 881 2834 enim
896 2769 1111 2834 aduersarium
1126 2789 1288 2853 maguum,

144 2877 198 2958 qui
221 2876 308 2940 uinei
325 2895 343 2940 a
362 2875 452 2940 nobis
476 2875 543 2940 siue
567 2876 617 2940 dei
640 2877 747 2940 fauore
771 2896 833 2941 nou
856 2877 968 2960 possit.
993 2881 1026 2944 et
1048 2876 1233 2960 plerumque
1256 2877 1287 2942 iu

142 2982 332 3048 inlustribus
356 2985 389 3047 et
410 2983 513 3048 beatis
541 2983 619 3048 uiris
643 2985 753 3067 grauia
776 2988 906 3068 peecata
928 2984 1029 3050 fuisse
1052 2984 1222 3067 repperies,
1253 2987 1290 3048 ut

144 3089 236 3173 quasi
262 3089 405 3155 homines
435 3089 615 3154 temtationi
646 3091 788 3172 patuisse
821 3109 1006 3174 cognoscas,
1045 3111 1082 3154 ue
1114 3090 1289 3156 uirtutibus

98 3226 125 3266 as
145 3196 281 3281 egregiis
303 3199 377 3279 plue
401 3215 495 3278 quarn
518 3197 663 3261 homiues
687 3198 893 3262 crederentur.
918 3198 945 3262 si
969 3199 1052 3262 enim
1076 3197 1190 3270 Dauid,
1216 3197 1290 3278 quia

144 3304 379 3386 praesumtione
403 3302 534 3370 uirtutis
559 3302 661 3367 elatus
686 3302 819 3367 dixerat:
853 3303 885 3368 si
908 3303 1056 3368 reddidi
1079 3303 1333 3368 retribueu-l]

145 3411 250 3475 tibus
273 3411 364 3475 mihi
389 3411 485 3475 mala
509 3413 539 3476 et
559 3409 650 3474 alibi:
675 3429 741 3496 ego
765 3416 889 3475 eutem
914 3411 990 3474 diri
1014 3412 1049 3474 in
1073 3429 1153 3477 mea
1177 3410 1289 3473 abun-

234 3655 372 3709 ilPetr.
387 3656 412 3721 2,
428 3655 462 3708 24
501 3653 533 3707 18
552 3655 618 3722 Reg.
638 3653 666 3706 II
687 3653 727 3717 12,
749 3653 781 3706 13
801 3671 869 3722 sqq.,
885 3653 918 3707 cf.
933 3653 976 3706 Ps.
993 3655 1026 3706 to
1064 3653 1289 3720 attentae

146 3745 178 3798 ‘25
198 3744 295 3798 Euseb.
315 3743 426 3810 Quaest.
446 3760 541 3814 euang.
561 3745 623 3807 239,
642 3743 677 3797 34
731 3743 765 3796 26
785 3743 828 3795 Pe.
849 3745 872 3805 7,
893 3747 910 3799 5
965 3743 998 3797 27
1019 3743 1063 3795 Ps.
1083 3744 1126 3810 29,
1147 3743 1161 3794 'i

182 3905 194 3957 l
216 3903 332 3973 quedam
351 3906 408 3970 (m3
427 3903 574 3972 quendam)
594 3903 622 3955 P
674 3903 690 3956 2
709 3905 859 3972 postremo
880 3906 903 3967 (t
921 3904 1002 3968 erce.)
1017 3902 1044 3954 P
1114 3902 1155 3955 uri
1174 3903 1201 3955 P
1220 3903 1288 3966 (urie

146 3997 200 4060 ms)
213 3992 239 4046 L
256 3993 332 4046 uriae
351 3997 399 4046 cet.
445 3993 463 4046 4
480 3997 543 4060 poet
560 3991 603 4045 illi
622 3991 687 4045 cdd.
707 3991 771 4044 talis
784 3991 859 4059 Etr
901 3991 1055 4045 tinentiae
1073 3991 1113 4064 GT
1128 3995 1164 4056 (et
1179 4007 1192 4044 e
1208 3993 1290 4056 erce.)

145 4082 180 4148 E,
197 4079 393 4134 eruderatione
411 4080 535 4134 iustitiae
555 4097 573 4133 a
659 4080 799 4133 abhorruit
813 4079 840 4132 B
899 4081 915 4132 6
935 4095 1040 4132 onmem
1062 4079 1093 4131 de
1113 4097 1174 4134 zara
1194 4096 1252 4132 esse
1272 4098 1289 4148 χ

147 4167 831 4236 183101η.0οπ,ε.ιι.1η211,1ηην9.ηι211’
892 4171 918 4220 et
938 4171 979 4232 (ut
997 4183 1018 4222 e.
1037 4169 1140 4234 mem
1196 4169 1228 4220 19
1249 4169 1288 4219 uri

144 4259 199 4314 PG
217 4259 274 4312 urie
294 4257 319 4312 L
338 4259 413 4312 uriae
432 4264 478 4312 cet.
552 4275 660 4311 uxorem
680 4257 759 4324 P(m
780 4273 838 4324 exp.
859 4261 914 4320 ru2)
936 4256 962 4310 L
1046 4257 1080 4310 22
1099 4257 1126 4310 in
1146 4271 1197 4310 cnr.
1220 4255 1289 4326 ΟΧχ

145 4355 175 4416 (a.
195 4367 221 4402 o.
241 4349 281 4414 Ε)
336 4347 514 4401 ciromines
533 4346 758 4414 (eeaeim3)P
831 4347 969 4414 ‘ltquio
1041 4345 1288 4414 2luralarnilrip
