3086 4938
239 505 303 568 356
722 499 919 554 Ambrosii

240 693 354 771 ficatio,
375 693 450 757 alibi
470 693 687 770 sanctificatio,
704 695 780 758 alibi
799 693 984 759 iustificatio
1005 699 1064 758 est.
1080 693 1280 759 circumcisio
1299 695 1385 778 puri-

240 800 358 880 ficauit‚
374 799 584 864 sanctificauit
606 801 665 876 len,
689 799 878 865 iustificauit
897 801 1011 885 gratie:
1031 819 1113 865 unus
1132 801 1163 864 in
1185 801 1331 865 omnibus
1351 805 1386 866 et
1449 807 1472 859 E

240 925 335 970 arnum
348 907 463 971 omnia.
474 926 566 972 nemo
580 907 662 971 enim
673 908 818 972 mundari
828 911 936 991 potest
946 907 1007 972 nisi
1018 909 1072 992 qui
1082 909 1199 972 metuit
1208 907 1384 974 dominum.

239 1033 330 1080 nemo
340 1015 445 1098 legem
462 1015 749 1096 mereturacoipare
766 1015 826 1078 nisi
840 1014 1026 1097 purificatus
1042 1035 1060 1079 a
1075 1016 1178 1096 culpa,
1193 1033 1285 1079 nemo
1296 1033 1384 1080 acce-

240 1121 287 1186 dit
301 1120 340 1185 ad
354 1121 486 1204 gratiam
503 1121 564 1185 nisi
578 1122 703 1186 nouerit
715 1121 830 1206 legem.
841 1141 915 1204 ergo
929 1123 1068 1205 populus
1082 1121 1270 1186 Iudaeorum
1281 1141 1384 1203 neque
1419 1146 1432 1183 a

240 1227 397 1310 purificari
416 1227 530 1310 potuit,
550 1227 623 1309 quia
651 1228 924 1293 circumcisionem
948 1247 1008 1292 non
1033 1228 1139 1306 animi,
1164 1228 1219 1292 sod
1244 1228 1384 1310 corporis

240 1335 360 1409 habuit,
394 1353 496 1417 neque
520 1333 720 1410 sanctificari,
748 1333 823 1417 quia
849 1334 1002 1398 uirtutem
1030 1333 1111 1418 logis
1135 1334 1303 1418 ignorauit,
1329 1335 1385 1416 qui

240 1441 376 1505 carnalia
389 1441 492 1524 magis
509 1459 602 1522 quam
619 1440 774 1523 spiritalia
789 1441 981 1522 sequebatur
998 1477 1041 1488 -
1060 1442 1121 1506 ler
1141 1443 1248 1505 autom
1268 1441 1384 1522 spirl-

240 1548 340 1612 talis
365 1551 489 1611 est-
509 1566 610 1630 neque
634 1547 809 1626 iustificari,
830 1548 903 1630 quia
923 1548 1109 1612 delictorum
1129 1566 1260 1612 suorum
1278 1548 1385 1629 paeni-

154 1650 214 1713 ltil
239 1654 370 1718 tentiam
400 1673 459 1718 non
489 1655 619 1738 gerebat
646 1657 679 1719 et
705 1655 775 1718 ideo
805 1654 938 1739 gretiam
968 1653 1138 1719 nesciebat.
1166 1655 1280 1718 merito
1309 1673 1383 1736 ergo
1407 1661 1472 1718 roF

240 1759 347 1824 nullus
365 1761 397 1823 in
418 1779 577 1846 synagoga
596 1762 719 1825 fructus
737 1760 887 1826 iuuentus
908 1765 957 1824 est
980 1763 1012 1824 et
1035 1761 1105 1825 ideo
1129 1761 1257 1825 iubetur·
1275 1760 1385 1824 excidi.

241 1865 297 1930 sed
316 1866 417 1930 bonus
438 1866 541 1930 cultor
560 1871 591 1930 et
609 1867 744 1931 sortasse
759 1867 823 1944 ille,
839 1867 870 1930 in
887 1886 948 1948 quo
961 1867 1121 1943 'ecclesiae
1141 1866 1383 1930 fundamentum

242 1977 291 2036 est
300 1973 502 2058 praesagiens
512 1973 646 2038 alterurn
657 1973 696 2037 ad
707 1977 829 2057 gentes,
842 1993 875 2037 se
887 1977 994 2038 autem
1008 1973 1048 2036 ad
1063 1992 1116 2037 eos
1132 1973 1186 2056 qui
1201 1991 1236 2038 ex
1252 1973 1385 2037 circum-

188 2071 191 2076 ’
242 2080 359 2145 cisione
378 2083 454 2144 sunt
476 2099 546 2144 esse
570 2079 772 2156 mittendum,
796 2079 945 2164 religiose
969 2100 1007 2144 ne
1031 2079 1192 2144 excidatur
1215 2080 1386 2148 interuenit

242 2187 342 2251 fretus
362 2187 527 2250 uocatione
547 2205 606 2250 soa
628 2186 723 2250 etiarn
747 2187 900 2270 populum
926 2186 1113 2251 ludaeorum
1139 2205 1194 2268 per
1217 2185 1382 2250 ecclesiam
1406 2216 1432 2252 rs

78 2303 80 2310 ·
167 2311 336 2376 esposse
360 2292 476 2356 saluari
503 2292 637 2374 ideoque
662 2292 754 2356 dicit:
779 2293 944 2358 remitte
974 2293 1087 2357 illam
1118 2298 1154 2356 et
1177 2293 1249 2357 hoc
1273 2312 1384 2360 anno.

242 2399 465 2482 usquedum
495 2398 645 2464 fodiam
671 2400 783 2464 circa
810 2399 924 2462 illam
960 2403 999 2464 et
1022 2401 1179 2464 mittam
1204 2399 1384 2464 colinum

156 2505 217 2567 168
243 2507 452 2572 stercoris.
469 2525 561 2588 quam
579 2507 641 2572 cito
654 2505 802 2571 duritiam
813 2507 1003 2571 Iudaeorum
1014 2507 1258 2590 superbiamque
1272 2526 1385 2572 causas
1456 2525 1517 2576 ltin

242 2632 312 2678 esse
336 2613 513 2678 sterilitatis
542 2613 685 2696 agnouit!
710 2613 817 2695 itaque
841 2613 931 2677 uouit
954 2614 1093 2679 excolere
1117 2614 1172 2696 qui
1195 2613 1286 2678 nouit
1307 2613 1388 2677 uitia

242 2719 481 2802 deprehendere.
501 2719 670 2802 pollicetur
687 2719 765 2806 dure
784 2719 886 2786 cordis
905 2739 1012 2784 eorum
1029 2720 1212 2802 apostolicis
1226 2720 1388 2803 ligonibus
1406 2741 1436 2780 so

243 2843 313 2890 esse
336 2825 491 2905 fodienda,
516 2831 553 2890 ut
573 2827 669 2910 longo
693 2827 814 2891 incultu
840 2828 937 2892 siturn
958 2827 1072 2891 mentis
1092 2826 1264 2891 obductum
1285 2845 1388 2890 sermo

242 2932 291 2996 bis
320 2937 433 2997 acutus
459 2933 599 2998 incentat
626 2937 657 2997 et
685 2933 778 2998 cordo
805 2934 964 3016 proscisso
998 2933 1112 2998 excitet
1143 2952 1272 2998 sensum
1305 2931 1388 2996 aerio

244 3039 413 3121 spiramine
436 3039 497 3128 iem
521 3039 694 3123 uigentem.
718 3059 757 3104 ne
780 3040 917 3104 radicem
941 3040 1115 3122 sapientiae
1133 3045 1286 3104 terrarum
1306 3057 1389 3102 acer-

243 3164 304 3210 uus
328 3145 441 3209 obruat
467 3149 499 3210 et
526 3145 707 3211 abscondat.
737 3146 874 3211 cofinum
898 3165 1023 3228 quoque
1047 3146 1194 3211 stercoris
1218 3145 1296 3210 dicit
1319 3163 1389 3209 esse

243 3252 443 3317 mittendum.
473 3273 587 3336 magna
609 3253 749 3337 profecto
778 3254 828 3318 uis
857 3254 1016 3331 stercoris,
1046 3271 1125 3336 quae
1148 3259 1237 3318 tanta
1265 3257 1325 3328 est,
1353 3255 1390 3316 ut
1408 3285 1437 3325 ra

244 3361 282 3424 de
313 3359 489 3425 infecundis
521 3361 664 3436 fecunda,
703 3361 741 3425 de
778 3360 939 3425 arentibus
971 3360 1117 3437 uirentia,
1149 3359 1187 3424 de
1225 3358 1406 3447 sterilibus
1455 3379 1478 3431 B

244 3467 339 3531 faciat
370 3467 543 3533 fructuosa.
576 3467 607 3532 in
641 3487 702 3550 quo
736 3467 819 3532 sedit
845 3468 902 3532 lob
932 3486 1002 3531 cum
1032 3469 1220 3532 temtaretur
1246 3470 1278 3530 et
1306 3465 1390 3529 uinci

333 3656 427 3710 alon.
449 3657 489 3726 17,
508 3657 539 3710 21
580 3655 691 3710 8Rom.
714 3659 737 3724 7,
760 3658 794 3710 14
841 3655 1129 3724 montuosam
1180 3655 1390 3722 lateatne

247 3745 470 3814 laureatae
525 3747 557 3800 21
579 3745 660 3800 Hebr.
680 3748 706 3814 4,
728 3747 760 3800 12
816 3745 999 3809 allebat

280 3872 296 3922 2
316 3875 344 3924 et
363 3885 432 3922 unus
454 3869 480 3924 (ι’
499 3870 572 3922 etin
593 3887 644 3923 uno
664 3869 704 3923 ed.
724 3869 804 3924 Rom.
856 3871 871 3922 ἴ)
891 3869 1050 3923 ludaeorum
1071 3869 1185 3938 populus
1201 3869 1251 3921 αΧ
1296 3869 1392 3937 9quia

245 3959 309 4028 Pap
329 3959 436 4027 quicet.
493 3959 525 4013 13
545 3961 697 4028 praesciens
716 3959 768 4012 PL
830 3961 862 4014 16
882 3958 943 4012 ideo
964 3960 1068 4026 P(que
1089 3958 1153 4012 ortd.
1172 3961 1230 4023 m3)
1251 3957 1278 4011 L
1349 3957 1391 4012 di·

245 4048 324 4100 mitte
340 4048 386 4116 Χχ
425 4047 456 4100 18
471 4047 624 4117 superbiam
643 4065 712 4118 quae
731 4049 809 4101 nouit
828 4063 858 4101 ex
870 4089 982 4104 .......
993 4063 1087 4101 causas
1106 4045 1260 4101 sterilitatis
1276 4047 1392 4116 agnouit

245 4137 272 4189 P
285 4140 326 4188 nni
341 4142 365 4190 et
381 4136 450 4202 (sinc
464 4137 578 4192 tamena)
595 4135 620 4188 L
634 4135 859 4207 superbiamquae
875 4136 989 4205 agnouit
1001 4151 1032 4206 en
1046 4153 1139 4190 causas
1159 4151 1218 4190 esse
1237 4135 1392 4190 sterilitatis

246 4225 362 4294 agnouit
380 4225 574 4295 itaquer3
648 4226 680 4278 19
700 4225 814 4293 ideoque
834 4226 864 4278 X
940 4229 969 4278 et
988 4224 1100 4278 uitiaL
1185 4225 1217 4278 21
1238 4225 1320 4278 situm
1343 4223 1392 4296 cO,

245 4300 271 4369 ss
281 4331 308 4368 u.
324 4315 413 4374 maP.
428 4331 479 4371 om.
494 4313 547 4367 BL
561 4315 616 4368 situ
630 4315 676 4384 Χχ
713 4315 748 4368 22
763 4316 910 4383 proscissos
925 4316 952 4369 P
965 4313 1097 4385 procissos
1112 4313 1138 4366 L
1174 4313 1335 4382 nauigante
1351 4314 1396 4365 at}

281 4403 459 4457 acerbobruat
477 4408 536 4471 (vus
555 4421 576 4456 a.
597 4406 613 4466 b
629 4407 684 4472 pr.)
703 4403 730 4457 P
747 4405 942 4458 acrebcobruat
962 4408 988 4472 (o
1009 4406 1057 4457 ott.
1076 4421 1098 4458 s.
1118 4420 1145 4456 u.
1165 4405 1221 4468 m3)
1240 4402 1265 4456 L
