3112 4936
257 466 320 530 194
724 463 922 518 Ambrosii

253 657 490 743 δευτερόπρωτον
510 659 592 724 enim
612 659 766 742 scriptum
787 661 836 724 est
854 696 897 706 -
916 659 1064 743 praeferri
1084 661 1167 725 enim
1186 660 1296 726 debuit
1314 661 1399 744 quod
1465 673 1492 726 D

254 763 426 846 praecellit.
445 765 619 830 secundum
637 766 719 846 ideo,
739 765 814 848 quia
831 767 968 849 primum
988 770 1060 831 ante
1080 785 1116 830 ex
1129 766 1200 852 lege
1213 768 1399 850 praecessit,

253 869 285 935 in
310 889 371 952 quo
396 871 491 936 etiam
514 890 616 953 poena
638 873 832 956 praescripta
856 877 915 951 est,
940 871 1058 954 siquis
1079 875 1237 956 operatum
1261 873 1398 958 primum

255 979 361 1042 autem
384 977 466 1056 ideo,
494 978 570 1061 quia
597 979 765 1045 sabbatum
791 979 872 1044 illud
901 999 936 1044 er
964 981 1035 1063 lage
1059 980 1201 1044 solutum
1226 985 1285 1058 est,
1314 982 1400 1064 quod

255 1088 322 1148 erat
344 1084 492 1167 primum,
522 1089 554 1150 et
581 1085 641 1152 boc
668 1085 806 1170 primum
834 1086 954 1150 sactum
982 1089 1040 1164 est,
1071 1086 1156 1169 quod
1182 1087 1320 1152 secundo
1349 1092 1400 1153 est
1432 1109 1448 1148 s

255 1191 477 1256 constitutum.
506 1212 576 1256 narn
605 1195 638 1258 et
665 1211 738 1258 eum
767 1191 888 1275 operari
913 1192 1045 1257 sabbato
1068 1192 1164 1258 liceat
1186 1196 1219 1257 et
1241 1194 1400 1276 operantis

255 1297 409 1385 nullasit
430 1317 541 1381 poena,
566 1299 690 1365 sabbati
712 1299 823 1381 utique
848 1300 987 1382 exlege,
1012 1298 1103 1364 cuius
1130 1298 1181 1365 uis
1209 1299 1315 1364 soluta
1343 1304 1400 1378 est,

255 1423 312 1469 nec
341 1423 452 1470 nomen
480 1406 639 1484 haerebat,
669 1405 725 1472 sed
752 1408 858 1470 aman
886 1404 983 1470 fuerit
1008 1404 1088 1469 iilud
1115 1406 1253 1489 primum
1281 1406 1399 1484 ordine,

255 1511 314 1577 boc
334 1512 470 1595 primum
490 1531 628 1589 munere,
652 1531 709 1576 nec
727 1512 798 1577 ideo
818 1511 923 1578 miuus
942 1511 1012 1588 boc,
1033 1511 1106 1594 quia
1124 1512 1308 1577 secundum.
1326 1532 1399 1578 nam
1465 1525 1494 1579 Iu

257 1621 290 1683 et
316 1618 418 1682 Adam
446 1617 567 1701 primus
595 1637 653 1684 neo
681 1618 898 1702 conparandua
933 1618 1071 1684 secundo
1098 1617 1213 1694 Adam3
1247 1619 1448 1701 primasio

257 1725 340 1790 euim
359 1725 479 1790 Adam
503 1726 541 1790 iu
566 1725 734 1790 animem
758 1725 979 1802 uiuentem,
1002 1725 1260 1790 nouissimus
1279 1725 1401 1790 Adam

256 1832 295 1896 in
319 1830 513 1913 spiritum
536 1830 827 1896 uiuificantem
852 1833 897 1895 et:
922 1830 1075 1911 primus
1095 1829 1207 1896 bomo
1228 1831 1273 1896 de
1291 1833 1405 1897 terra.

257 1943 457 2017 terrenus,
487 1939 691 2003 secundus
719 1937 832 2004 trumo
862 1937 906 2002 de
935 1937 1048 2002 caelo
1077 1938 1285 2004 caelestis.
1313 1959 1402 2022 prae·

256 2047 342 2112 latus
362 2047 473 2129 ntique
493 2045 651 2111 secundus
671 2045 787 2128 prim03
806 2045 861 2109 ille
880 2044 963 2110 enim
983 2063 1079 2110 causa
1092 2045 1214 2122 mortis,
1234 2045 1287 2111 bio
1304 2045 1403 2112 uitae.

259 2153 305 2218 eie
328 2157 361 2220 et
384 2153 660 2236 secundoprimum
685 2153 852 2217 sabbatum
880 2151 1006 2227 dieitur,
1030 2152 1204 2218 seeundum
1232 2153 1320 2218 iuxta
1346 2173 1403 2218 uu·
1425 2175 1454 2214 rs

258 2279 391 2338 merum,
420 2261 558 2343 mimum
586 2261 673 2326 iuxta
701 2257 892 2342 operationis
922 2258 1071 2343 gratiam3
1100 2260 1215 2324 melius
1244 2265 1294 2326 est
1321 2261 1402 2325 enim

260 2367 438 2447 sabbatum,
463 2388 525 2451 quo
544 2367 707 2452 inpunitas
732 2365 825 2432 datur
843 2385 938 2448 quem
961 2385 1023 2448 quo
1047 2385 1147 2448 poena
1169 2367 1402 2448 praescribitur.

259 2474 359 2555 prima
378 2474 437 2553 lex,
461 2474 637 2540 secundum
657 2473 868 2556 euangelium,
888 2473 1016 2562 inferior
1033 2477 1139 2536 tameo
1156 2473 1289 2540 formido
1304 2493 1404 2558 quam
1472 2485 1499 2540 P

261 2581 371 2662 gratia.
396 2583 453 2646 aut
478 2583 559 2646 forte
593 2580 730 2663 primum
765 2579 815 2644 bic
847 2579 878 2643 in
907 2579 1192 2661 praedestinatione
1220 2581 1346 2646 consilii
1373 2583 1406 2645 et

260 2687 433 2752 seeundum
457 2687 489 2752 in
513 2688 674 2752 sanatione
698 2685 826 2751 decreti.
1424 2707 1456 2746 so

195 2793 236 2856 32
305 2793 390 2858 Bene
414 2797 519 2857 autem
546 2793 691 2858 dominus
715 2791 746 2856 in
770 2792 840 2876 lege
863 2795 975 2876 typum
999 2793 1098 2858 futuri
1121 2792 1181 2858 hoe
1205 2811 1330 2877 quoque
1354 2793 1406 2859 de-

150 2903 417 2966 asamonaei
443 2899 513 2964 loeo
542 2903 575 2964 et
601 2899 781 2964 defensores
808 2899 891 2982 legis
924 2899 1029 2982 arguit
1060 2901 1179 2964 nescire
1212 2919 1292 2983 quae
1322 2899 1408 2983 legis

263 3010 339 3071 sunt
362 3007 537 3090 exemplum
563 3007 706 3072 adferens
736 3006 819 3089 quod
843 3006 958 3085 Dauid,
987 3025 1059 3072 cum
1085 3008 1220 3072 esuriret
1241 3007 1310 3090 ipse
1334 3025 1407 3072 cum

263 3113 370 3192 sociis,
397 3114 529 3178 intrauit
555 3114 587 3178 in
617 3113 745 3178 domum
774 3113 825 3177 dei
853 3117 886 3178 et
912 3133 1008 3197 panos
1035 3114 1260 3198 propositionis
1290 3114 1407 3180 sumsit
1483 3129 1532 3182 lae

263 3222 295 3284 et
317 3220 522 3285 manducauit
545 3225 577 3286 et
601 3219 687 3286 dedit
714 3219 764 3286 his
793 3219 847 3302 qui
874 3239 946 3285 cum
975 3221 1044 3304 ipso
1072 3225 1168 3286 eraut.
1195 3239 1345 3306 magnum
1375 3224 1407 3284 et
1427 3239 1461 3279 aa

353 3429 369 3482 3
388 3427 470 3484 Exod
491 3429 534 3494 31,
556 3429 588 3482 14
667 3427 699 3482 10
719 3443 777 3498 sqq.
796 3425 889 3482 1001.
910 3429 952 3491 15,
971 3429 1005 3482 45
1025 3432 1053 3496 et
1070 3428 1105 3481 47
1180 3429 1213 3482 14
1230 3427 1307 3482 Rom.
1327 3429 1352 3492 5,
1374 3429 1409 3482 14

263 3519 298 3573 23
316 3519 384 3589 Rege
403 3519 416 3571 I
436 3519 479 3584 21,
500 3519 511 3571 l
533 3535 592 3588 sqq.
1223 3547 1238 3578 α

301 3645 314 3696 1
341 3644 562 3712 deyaeponpocoa
581 3642 609 3695 P
630 3645 656 3709 (a
680 3657 701 3695 a.
725 3641 764 3708 a.)
788 3640 813 3694 L
839 3641 1081 3718 Aryreponapmtor
1105 3642 1137 3695 X
1159 3639 1409 3712 deyteroprotonp

265 3731 475 3802 deuteroproton
493 3737 540 3786 cet.
600 3729 708 3800 2ideo]
729 3735 758 3784 et
775 3729 837 3784 ideo
855 3731 883 3784 A
938 3731 1130 3799 doperaretur
1148 3729 1251 3800 ΜΚ
1308 3731 1408 3785 ticon-

265 3821 361 3876 atitum
379 3822 406 3874 A
484 3837 545 3874 uam
565 3837 625 3874 cum
645 3824 673 3874 et
691 3839 709 3872 α
793 3819 898 3888 operari
917 3823 996 3886 (ras.
1014 3835 1043 3872 u.
1062 3819 1165 3887 m3)P
1216 3817 1412 3888 'sperantio

265 3909 414 3980 8primum
438 3915 503 3962 uate
526 3908 619 3963 ordine
637 3925 688 3964 ora.
708 3907 761 3962 PL
870 3909 902 3960 12
921 3895 1111 3978 equissimo.
1130 3911 1232 3974 maa)
1253 3895 1363 3979 Gpsp]
1382 3909 1414 3962 P

265 4001 301 4066 (m
320 4016 342 4052 e.
361 4015 388 4054 a.
408 3999 473 4068 add.
492 4000 549 4065 aad)
567 3998 597 4053 E
613 4001 648 4066 (m
668 4015 690 4052 a.
709 4015 736 4052 u.
758 3997 822 4051 add.
841 4001 898 4064 m2)
918 4002 964 4052 cet.
1028 3996 1209 4059 uiuificanterir
1229 3998 1257 4050 A
1312 3998 1345 4052 15
1365 4013 1408 4051 se·

266 4085 499 4158 cundumprimum
517 4086 544 4140 L
562 4085 795 4157 secundoprimum
816 4087 842 4154 (i
860 4103 882 4140 s.
902 4103 916 4138 o
935 4089 992 4154 md)
1011 4106 1028 4139 a
1120 4087 1152 4141 16
1172 4085 1358 4156 operationum
1378 4087 1410 4140 X

268 4177 300 4231 18
314 4181 380 4246 post
399 4176 568 4245 euangelium
589 4191 658 4230 erce.
678 4174 742 4229 dum
761 4175 933 4244 euangelium
951 4176 978 4227 A
1061 4175 1092 4228 19
1114 4175 1258 4246 aut]an1
1342 4179 1410 4242 poet

266 4265 336 4320 sorte
355 4264 420 4318 cdd.
440 4267 469 4318 et
486 4265 513 4319 A
530 4266 563 4332 (a.
581 4281 609 4318 u,
628 4267 685 4333 m2)
705 4263 766 4334 αΟχ
850 4262 1081 4333 predestinatione
1100 4261 1152 4316 PL
1224 4263 1258 4316 22
1276 4262 1346 4333 legia
1361 4279 1411 4331 pr.

266 4352 491 4422 (iacem2)P
561 4353 734 4423 arguetds.
754 4352 825 4420 e)P
