3108 4932
231 417 296 480 272
422 483 426 490 Ι
703 411 901 465 Ambrosii
981 419 984 428 '

227 607 349 672 inuenit
371 606 568 688 mysterium.
594 606 704 670 beatus
728 625 802 690 ergo
827 605 879 687 qui
905 605 1028 690 colligit
1051 625 1130 688 quae
1155 605 1271 670 diuidit
1290 607 1379 672 Chri-

164 713 205 776 92
230 719 311 780 stus.
345 733 406 796 qua
440 712 561 778 ratione
589 716 696 778 autem
724 712 841 776 cofinos
870 711 1038 776 duodecim
1068 711 1214 778 Christus
1242 713 1380 796 inpleuit
1448 719 1472 772 Ε

154 842 174 896 o,
190 842 215 884 rr
229 821 291 886 nisi
322 823 361 886 ut
392 813 472 882 illud
503 819 614 901 populi
646 818 768 884 ludoici
802 817 942 884 solueret
969 819 1044 900 quia
1072 839 1201 884 manus
1231 820 1312 884 eius
1341 821 1378 884 in

231 927 357 992 cofino
377 925 604 998 seruierunt,
623 926 683 990 hoc
707 931 756 990 est
774 925 911 1009 populus
932 926 986 1008 qui
1006 929 1077 990 ante
1096 926 1200 1018 lutum
1220 926 1252 990 iu
1268 925 1380 991 colinis

231 1033 403 1118 colligebat
424 1033 476 1098 hic
499 1033 562 1098 iam
585 1051 641 1114 per
665 1051 790 1096 crucem
816 1031 935 1097 Christi
958 1032 1043 1096 uitae
1067 1031 1214 1096 caelestis
1234 1039 1381 1116 operatur
1416 1057 1431 1094 s

232 1140 415 1205 alimoniam
439 1142 471 1204 et
494 1159 530 1204 eo
555 1139 629 1202 fidei
652 1139 758 1202 cibum
788 1138 941 1222 congerit,
969 1138 1024 1202 ubi
1052 1142 1120 1203 erat
1147 1143 1219 1204 ante
1247 1159 1378 1204 caenum

231 1247 379 1330 perfidiae
403 1246 540 1330 gentilis.
565 1264 622 1310 uec
645 1264 819 1328 paucorum
844 1246 903 1310 hoc
927 1243 1055 1324 munus,
1077 1245 1132 1309 sed
1157 1245 1296 1334 omnium
1321 1249 1380 1318 est,

232 1373 304 1418 uam
327 1373 382 1437 per
405 1353 572 1418 duodecim
596 1351 714 1416 cofinos
738 1355 900 1434 tamquam
925 1353 1067 1416 tribuum
1091 1351 1287 1437 singularum
1306 1353 1382 1418 fidei

234 1459 465 1524 firmamentum
484 1458 653 1533 redundat;
677 1459 785 1540 panis
804 1457 887 1522 enim
908 1459 1108 1524 coufirmat
1127 1477 1188 1523 cor
1207 1459 1381 1524 hominis.

168 1566 209 1630 93
279 1566 383 1630 Dixit
402 1568 525 1630 autem
545 1564 641 1629 illis:
661 1583 728 1630 uos
749 1584 855 1646 quem
875 1583 930 1628 mc
951 1565 1081 1628 dicitis
1102 1569 1206 1630 esse?
1231 1585 1380 1646 respon·
1402 1571 1476 1629 ml*

158 1672 291 1749 suadit
328 1672 453 1736 Simon
489 1672 642 1736 Petrus:
683 1671 874 1737 Christum
912 1671 981 1736 dei.
1029 1691 1068 1736 ne
1100 1671 1212 1736 turbae
1253 1671 1382 1754 quidem

159 1802 180 1856 e,
195 1801 221 1843 ro
236 1780 338 1844 otiosa
371 1778 475 1861 opinio
508 1781 567 1856 est,
601 1777 675 1860 quia
707 1779 760 1842 alii
793 1777 917 1856 Helian,
952 1797 1045 1862 quem
1083 1783 1253 1842 uenturum
1291 1780 1381 1860 puta·

235 1887 320 1964 bant,
345 1885 400 1950 alii
422 1886 603 1962 Iohannem,
629 1903 722 1967 quem
747 1885 939 1949 decollatum
964 1885 1117 1961 sciebant,
1142 1889 1319 1948 autunum
1343 1884 1382 1948 de

236 1992 398 2076 prophetis
431 1991 589 2074 prioribus
623 1992 796 2056 surrexisse
829 1991 1007 2082 credebant.
1045 1992 1100 2056 sed
1137 1991 1197 2056 hoo
1234 2009 1383 2073 quaerero

236 2119 331 2182 supra
354 2117 410 2164 nos
435 2102 498 2164 est:
523 2099 653 2162 alterius
674 2099 857 2176 sententiae,
877 2099 1008 2162 alterius
1026 2098 1211 2180 prudentiae
1231 2103 1290 2163 est.
1311 2115 1381 2161 nam
1404 2121 1433 2162 sa

237 2209 264 2272 si
289 2207 386 2271 Paulo
411 2205 554 2288 apostolo
579 2205 656 2270 satis
681 2205 833 2270 estnihil
857 2205 936 2270 scire
959 2205 1020 2268 nisi
1045 2203 1206 2269 Christum
1225 2205 1330 2270 Iesum
1351 2207 1384 2268 et

238 2315 321 2378 hunc
350 2312 543 2380 crucifixum.
578 2311 653 2394 quid
681 2311 818 2394 amplius
846 2311 925 2374 mibi
956 2311 1197 2376 desiderandum
1226 2315 1275 2376 est
1302 2310 1384 2375 scire

238 2439 331 2502 quam
365 2419 550 2485 Christum?
583 2420 613 2482 iu
642 2437 705 2484 uno
735 2419 816 2482 enim
845 2419 905 2483 boc
933 2417 1057 2482 nominc
1085 2421 1117 2482 et
1145 2417 1321 2482 diuinitatis
1351 2422 1384 2482 et
1454 2426 1531 2479 1401}

237 2526 460 2592 incarnationis
493 2525 650 2608 expressio
684 2529 716 2589 et
746 2525 824 2590 fides
857 2529 907 2590 est
937 2525 1104 2607 passionis.
1142 2528 1174 2590 et
1204 2525 1275 2588 idco
1306 2524 1384 2588 licet

240 2634 335 2700 ceteri
366 2633 503 2714 apostoli
535 2633 647 2710 sciant,
679 2633 794 2697 Petrus
826 2635 931 2696 tamen
962 2633 1127 2715 respondit
1153 2651 1225 2714 prae
1254 2632 1383 2696 ceteris:
1403 2653 1434 2694 sc

240 2745 279 2804 tu
304 2757 342 2804 es
367 2738 542 2803 Christus
564 2739 672 2802 filins
693 2739 751 2802 dei
770 2737 862 2802 uiui.
887 2739 1055 2821 conplexus
1074 2741 1123 2802 est
1141 2739 1248 2820 itaque
1267 2738 1383 2811 omnia,

241 2846 295 2927 qui
319 2848 351 2910 et
373 2847 516 2910 naturam
540 2849 572 2908 et
594 2864 708 2910 nomen
732 2846 894 2928 expressit,
923 2846 955 2908 in
983 2865 1045 2928 quo
1076 2863 1200 2909 summa
1227 2844 1384 2908 uirtutum

242 2954 300 3016 est.
321 2951 455 3016 etiamne
475 2971 531 3043 nps
551 2951 589 3015 de
609 2951 808 3034 generatione
823 2951 872 3016 dei
889 2951 1063 3016 adserimus
1080 2951 1292 3034 quaestiones,
1312 2969 1385 3015 cum

242 3058 360 3124 Paulus
383 3057 572 3122 indicauerit
595 3057 673 3122 nibil
698 3077 732 3122 sc
752 3059 833 3122 scire
857 3058 919 3122 nisi
943 3057 1106 3123 Christum
1124 3059 1232 3122 lesum
1251 3059 1284 3122 et
1301 3057 1386 3121 huuc

243 3163 435 3242 crucifixum,
472 3165 586 3228 Petrus
628 3163 707 3227 nihil
748 3163 835 3229 aliud
869 3183 963 3246 quam
1001 3163 1051 3228 dei
1087 3163 1189 3228 filium
1224 3164 1388 3246 putauerit
1405 3189 1436 3227 ss

244 3270 475 3338 confitendum?
498 3289 556 3334 nos
580 3273 612 3335 et
635 3271 759 3353 quando
784 3275 816 3335 et
838 3271 996 3354 quomodo
1020 3273 1113 3335 natus
1137 3272 1180 3336 sit
1199 3273 1231 3334 et
1249 3273 1385 3353 quantus
1454 3277 1480 3330 Β

333 3461 510 3530 arsedi
547 3459 765 3525 41111114
806 3461 1021 3528 oPs.103,1o
1060 3461 1092 3515 10
1111 3460 1210 3514 hlclth.
1232 3461 1273 3521 16,
1295 3461 1327 3514 15
1346 3477 1388 3528 sq.

246 3553 278 3605 12
299 3551 332 3605 cf.
351 3551 415 3605 Luc.
435 3552 460 3614 9,
479 3551 505 3618 8,
523 3549 623 3603 Mattlr.
644 3550 686 3616 16,
707 3550 739 3603 14
814 3550 846 3602 13
865 3549 963 3608 Matth.
985 3550 1026 3616 14,
1049 3549 1081 3603 10
1160 3550 1192 3604 16
1212 3547 1226 3602 Ι
1245 3547 1304 3603 Cor.
1325 3549 1350 3611 2,
1371 3550 1388 3601 2

246 3639 397 3694 21111111.
418 3641 458 3704 16,
481 3641 513 3693 16

282 3783 298 3832 2
318 3782 416 3833 colinas
435 3783 460 3846 (c
480 3796 501 3832 s.
522 3796 535 3832 e
555 3781 610 3846 m2)
630 3778 657 3831 P
756 3777 810 3831 XII
827 3777 990 3845 PEGLuT,
1010 3793 1095 3847 ouer
1185 3777 1202 3830 8
1220 3775 1273 3829 XII
1291 3775 1394 3829 PLrtT

249 3870 281 3922 10
301 3867 379 3920 eisC
431 3867 522 3921 dicitis
542 3883 599 3920 esso
619 3867 656 3926 X.
676 3882 734 3919 esse
754 3865 897 3936 σπιαθγχ
937 3866 966 3918 11
989 3865 1043 3933 dci]
1065 3861 1212 3918 filiumdei
1233 3885 1250 3916 α
1303 3863 1393 3917 umba

249 3956 384 4011 Christum
405 3956 449 4009 dci
460 4001 465 4012 .
477 3961 619 4011 ..terreus
633 3959 696 4008 sunt
714 3957 754 4022 (p.
770 3959 839 4018 273,
854 3959 900 4022 13)
915 3960 980 4021 post
999 3970 1069 4023 aqua
1088 3955 1128 4020 (p.
1148 3956 1279 4021 27113)
1298 3959 1392 4007 traus-

244 4046 328 4114 pouil
346 4061 396 4099 om.
416 4045 501 4099 uerbo
520 4046 639 4099 relouere
658 4045 685 4098 B
789 4061 838 4096 nec
857 4043 927 4114 Pup
1018 4044 1051 4096 12
1070 4041 1160 4096 helien
1180 4041 1208 4094 P
1225 4041 1323 4095 heliam
1343 4047 1393 4096 cet.

252 4137 284 4188 15
303 4135 465 4202 sententiae]
486 4134 614 4186 scientiae
633 4132 687 4186 BC
732 4133 765 4186 19
784 4135 826 4185 est
844 4147 865 4188 s.
884 4149 911 4184 u.
931 4131 964 4196 P,
983 4148 1034 4186 om.
1053 4131 1112 4185 FV
1159 4131 1193 4184 23
1213 4129 1360 4184 adserimus
1377 4149 1394 4182 α

250 4223 361 4277 serimus
379 4222 432 4276 BC
448 4223 590 4276 inserimus
609 4221 661 4274 PL
680 4220 842 4274 disseremus
861 4223 921 4288 (our.
942 4220 997 4288 dei)
1015 4239 1033 4291 χ
1052 4235 1194 4288 queramus
1213 4219 1245 4271 X
1310 4219 1345 4272 24
1363 4235 1394 4272 se

251 4329 302 4365 our.
324 4311 393 4380 ΟΧ)
447 4311 482 4362 25
501 4310 575 4364 aliud
596 4309 644 4362 cX
661 4309 777 4378 amplius
796 4316 844 4363 cet.
899 4311 933 4364 26
953 4312 982 4362 et
996 4325 1040 4378 pr.
1060 4325 1111 4362 om.
1131 4307 1162 4360 X
