3042 4918
240 423 280 485 16
707 419 906 473 Ambrosii

237 615 369 679 uerbum
398 619 492 697 atque
522 616 677 680 actionem
706 615 806 679 subiit
831 615 998 699 passionis
1023 615 1079 679 sed
1102 616 1197 680 fuerit
1220 615 1251 678 in
1277 616 1382 692 Petro,

236 721 370 800 Andreae,
395 723 531 786 Iohanne
557 725 587 787 et
613 722 726 786 ceteris
750 722 903 804 apostolis
929 724 961 786 et
982 722 1167 788 intentionis
1193 723 1383 787 electionis
1449 725 1471 778 F

193 829 428 910 deequalitae:
454 831 504 894 est
530 831 636 893 autem
664 847 900 910 nonnumquam
929 829 1002 909 plue
1030 829 1061 892 in
1089 829 1263 893 intentione
1288 847 1382 910 qnam

237 933 269 998 in
294 934 417 1000 actione
441 937 497 998 aut
518 934 592 1017 plus
615 933 645 998 in
671 934 793 999 actione
813 952 906 1016 qnam
926 935 957 998 in
976 935 1162 1013 intentione,
1182 938 1219 1000 nt
1237 936 1269 999 in
1289 955 1383 1001 euan-
1440 931 1443 938 '

239 1043 322 1128 gelio
346 1041 504 1107 cemimus
527 1042 610 1106 inter
632 1045 774 1107 sanctam
802 1041 934 1106 Mariam
964 1045 996 1105 et
1023 1043 1182 1106 Martham
1210 1043 1311 1108 fuisse
1339 1043 1385 1106 di·
1418 1065 1430 1103 a

122 1193 124 1198 -
238 1149 396 1214 stantiam.
430 1149 492 1213 alia
528 1149 611 1214 enim
647 1148 781 1214 uerbum
814 1148 972 1224 audiebat,
1006 1147 1067 1212 alia
1098 1148 1270 1214 festinabat
1301 1149 1385 1216 circa

238 1255 461 1321 ministerium.
495 1273 574 1338 quae
608 1257 700 1320 stetit
733 1259 764 1320 et
796 1255 855 1320 ait:
889 1253 1056 1330 domine,
1094 1275 1167 1320 non
1207 1259 1268 1320 est
1303 1256 1383 1320 tibi

239 1381 358 1429 curae
382 1362 486 1446 qnod
509 1362 684 1445 reliquit
706 1382 763 1427 me
783 1362 910 1427 solam
932 1362 1180 1428 ministrare.
1206 1363 1269 1428 dic
1289 1381 1383 1447 ergo

238 1471 318 1548 illi,
347 1475 391 1535 ut
418 1489 474 1535 me
503 1470 682 1534 adiuuet.
713 1473 751 1534 et
779 1468 881 1534 dixit
908 1469 993 1534 illi:
1021 1469 1188 1548 Martha,
1213 1469 1383 1534 Martha.

238 1578 365 1642 Maria
390 1577 580 1661 optimam
604 1578 759 1658 partem
783 1575 924 1660 elegit,
950 1595 1048 1658 quae
1072 1593 1147 1641 non
1172 1578 1385 1641 auferetur
1407 1597 1434 1638 ιο
1455 1579 1517 1634 1261

239 1685 284 1749 ab
314 1703 363 1750 ea.
393 1703 467 1768 ergo
494 1684 526 1748 iu
557 1683 655 1748 altera
683 1683 868 1747 intentionis
892 1681 1046 1761 studium,
1070 1682 1103 1746 in
1128 1682 1227 1748 altera
1251 1683 1385 1748 actionis

238 1790 451 1856 ministerium
487 1790 693 1865 redundabat,
735 1790 862 1872 utrique
899 1793 1003 1854 tamen
1046 1789 1214 1872 utriusque
1252 1791 1384 1856 uirtutis

240 1897 383 1964 studium
403 1896 604 1980 suppetebat,
625 1894 781 1978 siquidem
802 1899 834 1960 et
851 1895 986 1974 Martha,
1002 1896 1222 1962 nisiaudisaet
1240 1897 1384 1974 uerbum,

239 2005 450 2069 ministerium
474 2023 534 2069 non
559 2003 707 2081 subisset,
733 2002 824 2067 cuiue
849 2003 930 2066 actio
950 2003 1133 2069 intentionis
1152 2003 1305 2068 indicium
1324 2007 1383 2081 est,

241 2113 273 2175 et
295 2111 396 2175 Maria
419 2113 543 2176 tantum
568 2110 687 2196 gratiae
712 2109 749 2175 de
773 2110 939 2192 utriusque
958 2109 1084 2175 rettulit
1106 2109 1299 2193 perfectione
1322 2111 1432 2175 uir-15

239 2217 331 2296 tutis,
358 2221 396 2282 nt
427 2221 584 2303 ungueret
615 2217 711 2301 pedes
739 2217 814 2281 Iesu
842 2218 875 2280 et
901 2217 1039 2300 tergeret
1067 2217 1191 2300 capillis
1220 2220 1253 2282 et
1283 2221 1383 2282 totam

240 2325 370 2389 domum
403 2343 479 2390 suae
510 2323 585 2390 fidei
617 2324 711 2390 odore
744 2323 912 2404 conploret.
946 2325 997 2387 est
1023 2324 1118 2388 etiam
1147 2343 1383 2407 nonnumquam
1453 2327 1477 2380 B

240 2432 377 2496 maxima
398 2431 541 2510 intentio,
567 2449 657 2496 caesa
681 2431 775 2506 actio,
799 2434 836 2495 ut
859 2431 886 2496 si
910 2429 1084 2496 medicinae
1104 2431 1242 2495 animum
1268 2431 1384 2513 aliquis

239 2537 382 2602 intendat
414 2543 552 2616 etcum
586 2538 690 2603 omnia
721 2537 870 2603 medendi
902 2541 1071 2622 praecepta
1104 2539 1297 2623 cognouerit,
1322 2558 1385 2604 nou

241 2646 429 2728 exsequatur
461 2643 575 2722 officia,
601 2648 695 2728 atque
728 2645 774 2710 ita
805 2644 909 2710 litut
941 2645 1015 2728 quia
1048 2663 1138 2710 cassa
1171 2645 1264 2722 actio,
1293 2663 1386 2710 caesa
1405 2667 1433 2705 eo

241 2749 337 2816 etiam
369 2751 502 2816 intentio
536 2751 587 2818 sit.
622 2755 672 2816 eet
704 2751 798 2817 etiam
822 2752 853 2816 in
878 2751 1038 2816 nonnullis
1066 2752 1195 2818 uberior
1218 2751 1385 2834 aliquando

241 2857 334 2936 actio,
349 2857 457 2922 exilior
469 2858 614 2938 intentio,
630 2863 668 2923 ut
682 2858 710 2922 si
724 2858 840 2941 aliquis
855 2859 1007 2942 baptismi
1021 2859 1168 2924 salutaria
1189 2864 1385 2924 sacramenta

240 2965 394 3048 percipiat
417 2969 449 3030 et
476 2965 703 3050 cognoscendis
735 2965 894 3030 uariarum
926 2965 1084 3031 uirtutum
1116 2967 1293 3049 praeceptis
1322 2969 1388 3031 aui-

241 3093 329 3137 mum
352 3073 433 3138 nolit
450 3071 623 3149 intendere,
642 3071 679 3137 iit
696 3074 883 3157 plerumque
902 3075 939 3138 ut
956 3092 1012 3156 per
1028 3072 1212 3138 intentionis
1232 3073 1387 3138 incuriam

330 3370 345 3422 7
365 3369 429 3423 Luc.
450 3370 493 3433 10,
512 3368 619 3422 40-42
676 3369 708 3422 15
728 3367 786 3422 leh.
809 3369 849 3436 12,
870 3371 886 3422 3

280 3527 602 3594 liuerittlaa.i)F
679 3527 1070 3595 3iutenticne(ins.a.)P
1141 3529 1205 3581 tin
1221 3543 1266 3596 pr.
1287 3548 1312 3595 a,
1333 3544 1386 3583 our.

242 3623 289 3672 cet.
361 3616 389 3670 iu
409 3621 469 3671 lert.
488 3632 539 3672 om.
559 3617 613 3669 PB
690 3615 831 3686 euangelio
852 3619 879 3680 (o
899 3633 932 3670 esc
951 3621 1007 3681 um)
1023 3615 1049 3668 P
1103 3615 1283 3670 licitere...
1299 3616 1389 3670 altera

242 3705 294 3758 PL
365 3704 515 3759 festinabat
535 3712 561 3768 {a
576 3721 619 3773 pr.
639 3720 672 3758 aa
691 3709 716 3771 e)
735 3705 763 3757 P
833 3705 849 3758 8
869 3720 933 3757 cura
947 3703 1000 3758 PL
1018 3721 1081 3758 cura
1100 3720 1131 3758 eo
1149 3703 1175 3758 G
1194 3721 1273 3758 curae
1293 3721 1323 3759 eo
1342 3706 1393 3774 γΤ

273 3799 339 3862 post
358 3793 429 3862 qnod
448 3793 513 3848 odd.
534 3809 609 3847 soror
626 3809 686 3847 mea
704 3793 765 3848 Tot
782 3796 814 3858 (e.
828 3810 857 3849 a.
871 3793 928 3862 m2)
943 3793 998 3856 aV,
1012 3797 1078 3862 poet
1091 3809 1134 3847 me
1149 3792 1213 3850 add.
1234 3809 1309 3847 soror
1326 3811 1389 3849 mea

242 3882 314 3952 EGq
421 3882 551 3951 relinquit
570 3899 587 3932 α
610 3881 756 3950 dereliquit
772 3881 845 3950 EGq
868 3880 1080 3951 derelinquitT
1168 3871 1259 3936 tides
1280 3885 1390 3939 martha

243 3969 350 4024 marthe
366 3970 423 4042 ij
444 3971 659 4026 matthanias.
679 3987 707 4026 u,
731 3970 763 4039 V,
783 3969 889 4024 martha
907 3971 970 4041 (om.
991 3969 1052 4040 alt.)
1066 3969 1110 4024 Pu
1157 3971 1190 4024 10
1210 3971 1349 4026 anferatur
1362 3973 1390 4026 L

243 4059 365 4114 aufertur
382 4061 426 4114 Fa
483 4060 517 4115 13
535 4059 704 4130 suppedebat
718 4059 749 4113 X
766 4059 868 4129 (tebet
884 4063 933 4114 m2
953 4060 984 4123 O,
1004 4059 1110 4114 -diebat
1127 4064 1175 4114 m2
1193 4065 1220 4126 a)
1278 4062 1311 4114 15
1330 4077 1389 4115 ma·

242 4149 299 4204 riae
313 4149 417 4220 EGqX
435 4153 459 4216 (e
474 4165 544 4205 erae.
558 4148 656 4216 EOV)
696 4150 728 4205 16
748 4151 863 4218 ungeret
877 4149 955 4202 PUL
974 4150 1101 4219 ungnerit
1114 4149 1145 4204 F
1161 4155 1185 4204 et
1204 4152 1255 4214 t-et
1269 4153 1326 4216 m2)
1342 4149 1393 4203 aV

279 4239 356 4308 pedis
377 4245 430 4307 (·ee
448 4243 505 4308 aad)
525 4240 552 4292 P
630 4243 657 4293 et
671 4239 729 4308 pr]
750 4243 781 4292 ut
800 4239 831 4292 X
912 4240 945 4293 19
965 4239 1139 4308 cognouitP
1209 4240 1242 4292 21
1262 4237 1391 4294 uberiora

244 4329 270 4398 (a
288 4335 370 4397 eros.)
390 4329 418 4381 P
469 4329 504 4382 22
524 4327 634 4398 aliquis]
655 4327 715 4397 quir
734 4327 787 4380 PL
841 4327 875 4381 23
895 4327 1077 4398 cognoscendi
1090 4328 1122 4382 X
1140 4327 1187 4395 (is
1206 4331 1254 4382 m2
1270 4327 1298 4395 a)
