3086 4938
221 478 286 542 340
697 479 892 534 Ambrosii

220 671 303 735 brmc
327 671 431 756 ignem
455 672 486 736 in
512 691 545 737 se
570 673 664 737 etiam
689 675 843 738 Ammaus
872 677 903 738 et
932 673 1066 758 Cleopas
1095 695 1112 738 a
1140 674 1266 740 domino
1296 675 1372 738 rnis·
1442 689 1464 741 Β

220 797 291 842 sum
316 797 386 842 esse
410 781 569 844 testantur
592 779 747 844 dicentes:
778 799 903 845 nonne
928 799 994 844 cor
1017 785 1198 846 nostrum
1225 781 1369 847 ardens

220 890 305 948 erat
329 885 366 949 in
387 887 462 964 uia,
488 905 571 950 cum
593 887 774 968 aperiret
792 887 910 950 nobis
930 887 1184 970 scripturas?
1209 888 1372 952 euidenter

218 992 326 1074 itaque
350 992 527 1057 docuerunt
550 993 652 1074 qualis
677 993 772 1056 istius
803 994 846 1056 sit
873 994 956 1078 ignis
985 995 1135 1076 operatio,
1167 995 1221 1076 qui
1250 999 1369 1058 secreta

219 1099 323 1163 cordis
351 1099 527 1164 inluminat.
554 1099 625 1164 ideo
650 1100 785 1164 fortasse
809 1098 955 1164 dominus
980 1101 1010 1164 in
1035 1100 1108 1184 igne
1133 1105 1286 1165 uenturus
1310 1106 1368 1176 est,
1404 1127 1417 1166 r

219 1209 255 1270 ut
289 1207 527 1270 resurrectionis
565 1211 706 1289 tempore
748 1205 828 1270 uitia
865 1206 1014 1270 uniuersa
1054 1211 1220 1273 consumat
1256 1207 1369 1289 suique

219 1315 391 1394 conspectu
428 1312 584 1378 desideria
622 1314 767 1395 conplent
808 1313 1006 1397 singulorum
1048 1315 1296 1396 meritorumque
1338 1320 1368 1378 et

219 1421 440 1501 mysteriorum
464 1419 570 1482 lumen
596 1419 754 1484 accendat.

131 1522 194 1584 133
262 1526 361 1590 Tanta
380 1525 487 1607 itaque
507 1525 626 1590 domini
646 1526 785 1610 dignatio
805 1531 864 1603 est,
884 1529 921 1590 ut
939 1526 1148 1591 infundendae
1167 1527 1258 1591 nobis
1273 1527 1369 1592 deuo·
1441 1541 1462 1597 C

218 1633 314 1697 tionis
343 1635 375 1698 et
403 1632 667 1696 consummandae
695 1633 898 1714 perfectiouis
924 1633 957 1697 in
985 1633 1076 1698 nobis
1105 1636 1137 1696 et
1164 1633 1368 1698 maturandae
1391 1661 1417 1699 ro

218 1759 273 1821 pro
298 1739 389 1803 nobis
413 1739 555 1802 studium
579 1740 738 1822 passionis
763 1739 825 1804 sibi
848 1739 952 1804 inesse
978 1743 1123 1804 testetur.
1153 1739 1207 1822 qui
1236 1759 1306 1804 curo
1337 1739 1366 1803 in

219 1867 252 1910 se
267 1847 345 1910 nihil
359 1846 505 1910 babuerit
519 1846 603 1928 quod
618 1846 748 1919 doleret,
768 1847 885 1910 nostris
901 1849 1005 1910 tamen
1021 1846 1197 1930 angebatur
1211 1847 1368 1911 aerumnis

218 1957 251 2017 et
274 1953 333 2018 sub
357 1955 498 2034 temporo
521 1953 633 2018 mortis
656 1953 850 2018 maestitiam
874 1953 1109 2035 praetendebat,
1133 1973 1226 2036 quam
1252 1971 1313 2018 non
1332 1972 1368 2018 es

218 2063 304 2123 metu
334 2059 444 2124 mortis
474 2078 561 2136 suae,
595 2059 650 2122 sod
678 2079 714 2122 ex
742 2079 829 2124 mora
857 2063 982 2124 nostrae
1010 2059 1214 2125 redemtionis
1242 2058 1368 2123 adsum-

217 2171 302 2230 serat
320 2165 405 2230 iuxta
425 2165 509 2247 quod
528 2166 681 2247 scriptum
702 2170 766 2230 est:
787 2169 825 2230 et
844 2165 1042 2247 quomodo
1067 2185 1201 2250 angor,
1226 2185 1367 2247 usque·
1390 2193 1414 2230 rs

217 2275 305 2338 dum
324 2273 592 2356 perficiatur?
617 2273 727 2354 utique
747 2272 801 2354 qui
820 2292 922 2356 usque
942 2273 980 2337 ad
1001 2273 1221 2356 perfectionem
1243 2273 1368 2358 angitur

216 2381 255 2444 de
275 2381 466 2464 perfectione
486 2399 615 2444 securus
637 2385 694 2444 est.
719 2379 889 2444 sedetiam
910 2380 1000 2444 alibi:
1024 2380 1164 2444 tristis
1183 2380 1287 2464 inquit
1305 2383 1368 2444 est
1432 2395 1458 2448 D

159 2491 178 2502 '⁴
216 2487 348 2550 anima
371 2505 454 2550 mea
478 2505 606 2568 usque
631 2486 674 2550 ad
700 2490 878 2550 mortem.
908 2505 968 2551 non
994 2490 1119 2569 propter
1141 2489 1286 2562 mortem,
1312 2485 1367 2550 sed

216 2611 319 2675 usque
330 2592 369 2656 ad
379 2597 513 2656 mortem
523 2593 625 2656 tristis
637 2597 687 2656 est
697 2591 854 2666 dominus,
871 2592 945 2674 quia
959 2611 1031 2657 eum
1042 2591 1184 2657 condicio
1196 2593 1366 2675 corporalis

215 2700 372 2776 adfectae,
396 2719 457 2762 non
479 2698 614 2764 formido
639 2699 749 2763 mortis
770 2699 907 2764 offendit.
926 2718 997 2762 nam
1018 2699 1072 2782 qui
1091 2718 1205 2782 corpus
1224 2699 1366 2781 suscepit
1385 2725 1412 2764 so

216 2806 322 2870 omnia
350 2805 462 2869 debuit
488 2805 594 2869 subire
624 2825 704 2888 quae
738 2806 877 2888 corporis
911 2809 995 2883 sunt,
1029 2809 1066 2870 ut
1097 2806 1230 2870 esuriret
1262 2807 1366 2870 sitiret

216 2915 384 2996 angeretur
416 2912 663 2988 contristaretur,
697 2911 848 2978 diuinitas
881 2917 987 2977 autem
1021 2913 1196 2977 conmutari
1225 2931 1279 2994 per
1306 2913 1365 2978 hos

217 3019 319 3082 nescit
351 3017 505 3083 adfectus.
538 3019 636 3083 simul
669 3018 808 3083 ostendit
837 3021 920 3102 quod
948 3019 980 3083 in
1010 3019 1178 3084 certamine
1207 3019 1364 3101 passionis

306 3369 322 3420 2
342 3367 406 3423 Luc.
427 3367 470 3434 24,
490 3367 524 3419 32
582 3367 612 3418 17
633 3365 731 3418 Matre.
751 3366 794 3432 26,
815 3365 849 3418 38

256 3580 267 3631 l
294 3593 402 3631 aomaus
426 3577 484 3630 FV
506 3584 532 3631 et
555 3580 611 3644 (m2
633 3577 664 3628 a'rr
687 3592 737 3644 rap.
762 3578 895 3640 emmacn)
922 3575 945 3630 0
967 3591 1104 3628 aemmaus
1127 3577 1152 3640 (e
1171 3591 1191 3626 s
1211 3591 1239 3628 u.
1257 3577 1315 3640 m2)
1335 3573 1364 3626 E

218 3683 337 3720 emmaus
357 3666 382 3720 L
487 3665 614 3734 cleopbas
632 3665 722 3733 Β1,πχ
856 3665 872 3716 2
893 3663 988 3716 ardens
1007 3665 1077 3731 (erat
1095 3669 1175 3717 extro
1193 3665 1232 3728 ac.)
1250 3663 1283 3724 P.
1304 3667 1362 3716 erat

216 3755 312 3809 ardens
333 3756 385 3808 BL
495 3755 618 3807 uidentes
638 3753 749 3806 PBLX
855 3755 872 3806 4
896 3753 967 3821 ignis
991 3753 1064 3821 sitp(
1175 3753 1191 3806 5
1217 3755 1244 3804 et
1263 3750 1361 3820 ideop

217 3847 250 3898 10
270 3845 466 3898 consumendae
485 3841 661 3897 PaCFGrrV
757 3842 786 3894 in
805 3841 883 3894 nobis
906 3841 1082 3911 perfectionis
1100 3841 1132 3892 X
1221 3843 1252 3894 ll
1273 3841 1301 3896 iu
1319 3841 1358 3910 se]

215 3935 273 4004 ipse
298 3935 323 3988 L
430 3935 461 3986 13
485 3932 681 4004 praetendebat
705 3935 727 3993 rt
751 3933 799 3986 ott.
823 3949 844 3984 s.
868 3934 907 3998 u.)
931 3931 958 3984 P
1060 3931 1093 3984 14
1117 3934 1226 3984 nostrae
1249 3934 1359 3988 teau.

214 4025 272 4092 m2)
300 4025 327 4076 P
403 4025 435 4076 15
465 4027 493 4076 et
519 4038 571 4075 our.
600 4020 646 4073 cT
737 4021 768 4074 16
797 4020 971 4090 perficiantur
999 4025 1027 4084 (n
1056 4023 1137 4086 erae.)
1165 4019 1193 4074 P
1217 4019 1359 4090 profician-

215 4117 261 4166 tur
283 4111 310 4165 L
401 4113 433 4164 17
458 4110 491 4164 de
515 4127 564 4164 orn.
589 4109 619 4161 Χ
725 4107 772 4160 scd
802 4109 895 4178 etiam]
920 4113 948 4161 et
976 4109 1015 4162 ait
1042 4109 1094 4163 PL
1202 4113 1244 4164 est
1270 4108 1360 4178 inquit

216 4203 295 4256 PBL
369 4203 401 4256 19
422 4201 456 4255 ad
474 4205 586 4254 mortem
607 4215 659 4253 cru.
678 4197 709 4250 X
788 4199 820 4252 21
843 4203 870 4252 et
889 4199 980 4253 sitiret
1001 4200 1025 4254 0
1091 4201 1125 4254 22
1145 4203 1257 4268 angeret
1275 4215 1358 4267 ange·

215 4295 290 4344 retur
307 4289 359 4344 PL
379 4293 406 4343 ct
425 4297 570 4359 angeretur
589 4292 617 4341 et
638 4289 661 4340 C
735 4289 769 4341 23
789 4289 816 4341 in
836 4289 1163 4358 certamine...corporis
1181 4289 1212 4341 in
1231 4305 1280 4358 usq.
1298 4304 1358 4355 sup.

214 4381 304 4444 ra3P‚
324 4395 375 4432 cru.
396 4379 421 4432 L
