3050 4936
232 459 296 522 448
709 455 903 508 Ambrosii

231 653 392 734 proficere,
440 653 638 732 dimiserunt,
680 653 855 718 nouissime
897 653 993 718 etium
1034 651 1136 717 filium
1177 651 1382 736 unigenitum

231 759 382 837 mitteret,
406 777 500 842 quem
523 759 633 843 perfidi
657 760 747 843 quasi
766 759 913 824 heredem
933 777 1095 824 remouere
1115 758 1278 842 cupientes
1298 759 1383 822 occi-

165 861 207 924 27
232 865 345 932 derunt
372 867 596 952 crucifigendo,
625 867 786 932 eiecerunt
808 867 961 951 negando.
985 866 1126 932 breuiter
1151 867 1259 948 itaque
1283 884 1382 948 quam

231 993 354 1058 magne,
380 993 473 1056 quam
498 973 613 1039 multa!
638 975 775 1056 primum
800 975 875 1058 quie
897 974 1050 1038 naturalis
1075 975 1124 1037 est
1141 973 1278 1046 bouitas,
1298 991 1382 1053 quae

230 1186 406 1252 remedium
432 1187 578 1253 Christus
602 1187 740 1266 aduenit,
764 1191 833 1252 tum
857 1187 1006 1269 quoniam
1030 1187 1084 1270 qui
1107 1187 1253 1252 heredem
1273 1193 1383 1270 negat.

233 1291 271 1358 de
299 1297 428 1358 auctore
456 1293 612 1375 desperat.
641 1294 733 1358 beros
757 1297 864 1359 autem
889 1293 1035 1359 Christus
1059 1293 1206 1376 idemque
1229 1297 1382 1360 testator:

231 1399 334 1478 heres,
364 1399 439 1482 quia
461 1401 556 1465 morti
578 1400 721 1483 propriae
746 1401 926 1483 superuiuit
952 1403 985 1464 et
1010 1402 1275 1464 testamentorum
1301 1420 1384 1483 quae

232 1505 301 1588 ipse
325 1506 467 1570 condidit
488 1510 649 1589 tamquam
673 1507 862 1572 hereditaria
884 1508 916 1572 in
940 1508 1057 1572 nostris
1081 1505 1276 1590 profectibus
1297 1525 1383 1570 emo-

166 1618 209 1680 28
232 1612 375 1677 lumenta
402 1614 614 1696 consequitur.
641 1614 772 1696 pulchre
800 1633 874 1698 ergo
902 1615 1086 1697 interrogat,
1113 1619 1150 1676 ut
1178 1631 1294 1676 suase
1317 1613 1381 1695 ipsi
1405 1637 1433 1672 ιυ

143 1735 177 1790 20,
193 1719 384 1784 isdemnent
412 1721 575 1786 sententia.
608 1725 777 1785 uenturum
810 1723 918 1785 autem
951 1720 1114 1784 dominum
1147 1719 1224 1783 dicit
1257 1719 1381 1787 uineae.

233 1825 317 1908 quod
345 1827 377 1890 in
406 1826 472 1892 filio
500 1827 586 1892 odsit
613 1828 706 1892 etiam
736 1831 865 1910 paterna
891 1827 1043 1892 maiestas
1071 1826 1123 1891 uel
1146 1825 1232 1908 quod
1254 1825 1382 1888 ultimis
1451 1837 1474 1889 ι’

232 1934 429 2014 temporibus
452 1933 647 2016 praesentior
668 1934 815 1998 humanis
844 1934 984 2016 adspiret
1011 1933 1199 1998 adfectibus.
1232 1931 1294 2014 ipsi
1322 1931 1382 1995 ita·

232 2059 292 2121 que
324 2040 357 2104 in
390 2058 425 2104 se
458 2040 648 2105 seutentiam
681 2039 801 2118 dieunt,
836 2043 873 2106 ut
904 2040 981 2104 mali
1007 2043 1148 2122 pereant,
1172 2042 1205 2104 et
1227 2038 1267 2103 ed
1299 2037 1382 2102 alios

232 2147 361 2212 colonos
391 2147 484 2210 uinea
512 2147 724 2210 transferatur.
753 2147 807 2230 qni
834 2147 934 2232 igitur
956 2147 1022 2212 sint
1045 2145 1157 2223 coloni,
1181 2163 1262 2227 quae
1284 2146 1382 2210 uinea
1405 2171 1432 2206 o

232 2253 476 2318 consideremus.

166 2341 215 2426 29'
278 2359 379 2424 Uinea
410 2363 505 2441 typus
538 2362 645 2424 noster
676 2363 735 2437 est,
769 2359 854 2442 quod
882 2360 1019 2442 populus
1051 2358 1101 2424 dei
1128 2359 1207 2424 uitis
1235 2362 1383 2424 aeternae

231 2465 336 2530 radice
363 2465 514 2530 fundatus
543 2465 757 2547 supereminet
782 2465 874 2530 terris
902 2485 939 2530 ao
966 2467 1070 2530 solum
1101 2465 1165 2529 uile
1196 2467 1383 2548 praeterens

233 2593 316 2637 nunc
339 2573 511 2657 gemmanti
536 2572 611 2636 dore
634 2573 791 2654 pubescit,
820 2591 902 2638 nunc
926 2573 1117 2638 circumfusa
1140 2572 1304 2636 uiriditate
1327 2591 1382 2636 ue-

233 2680 339 2757 stitus,
363 2697 445 2742 nuno
468 2678 545 2742 mite
568 2678 678 2760 iugum
709 2678 854 2761 suscipit,
878 2697 950 2742 cum
975 2678 1200 2743 maturioribus
1223 2677 1383 2742 bracchiis
1404 2697 1433 2736 sc

235 2785 327 2868 quasi
358 2784 524 2848 sarmentis
562 2783 715 2848 secundae
752 2785 831 2849 uitis
868 2785 1050 2850 adoleuerit.
1088 2785 1226 2869 agricole
1263 2785 1383 2868 quippe

236 2891 435 2974 omnipotens
454 2895 553 2974 pater,
577 2892 654 2956 uitis
674 2895 724 2956 est
742 2891 899 2970 Christus,
924 2895 957 2957 at
975 2911 1050 2958 uero
1069 2913 1127 2958 nos
1145 2892 1305 2975 palmites,
1327 2893 1383 2976 qui

238 2998 297 3061 nisi
321 2999 461 3063 fructum
484 2997 622 3062 feramus
645 2999 677 3062 in
702 2998 838 3078 Christo,
868 2999 999 3064 cultoris
1028 3000 1145 3064 aeterni
1172 2999 1255 3064 falce
1281 2999 1383 3064 succi·

237 3104 351 3168 dimur.
374 3109 459 3169 recte
481 3106 582 3189 igitur
599 3105 693 3170 uinea
712 3105 831 3171 Christi
848 3106 986 3190 populus
1006 3106 1196 3184 nominatur,
1219 3107 1273 3171 uel
1296 3105 1384 3187 quod

238 3209 340 3274 crucis
368 3211 399 3274 in
428 3211 528 3276 fronte
556 3214 755 3294 praetexatur
782 3211 933 3276 indicium
961 3213 1015 3276 uel
1043 3211 1128 3294 quod
1155 3211 1279 3276 fruetus
1312 3210 1384 3274 eius
1408 3231 1436 3272 se
1460 3227 1521 3278 rso:

236 3320 398 3398 postrema
425 3317 498 3381 anni
525 3319 649 3403 legatur
676 3322 778 3382 aetate
805 3319 859 3382 uel
882 3318 966 3400 quod
989 3318 1136 3383 omuibus
1159 3320 1196 3382 ut
1219 3317 1385 3382 ordinibus

327 3598 445 3654 nuens.
467 3599 491 3653 1.
511 3600 527 3650 a
582 3599 616 3652 ao
635 3599 733 3651 nstin.
755 3599 796 3661 ιι,
816 3600 850 3652 no
906 3599 936 3652 ιι
959 3597 1172 3668 sq.10,h.·15‚1
1194 3613 1234 3666 sq.

275 3741 287 3794 1
314 3741 481 3794 demiserunt
504 3743 561 3804 (m3
579 3739 743 3806 dimiserint)
761 3740 789 3794 P
893 3740 978 3794 filiurn
998 3739 1121 3793 suumt’
1226 3737 1335 3791 unicum
1356 3737 1387 3788 X

269 3837 335 3898 post
357 3831 527 3898 unigenitum
552 3829 617 3884 odd.
641 3845 700 3884 oum
718 3829 746 3883 P
769 3832 811 3897 (eo
834 3845 903 3885 corr.
921 3832 977 3894 m2)
995 3829 1051 3882 BL
1157 3829 1262 3898 dquse
1281 3843 1335 3880 om.
1354 3827 1386 3878 X

238 3919 339 3972 dtune
357 3917 388 3969 X
406 3916 505 3988 dump
561 3918 799 3986 quoniamom.X
834 3919 849 3971 'l
865 3923 929 3986 post
947 3921 1064 3972 testator
1083 3917 1148 3972 add.
1169 3917 1190 3971 dr
1208 3935 1229 3970 s.
1248 3933 1276 3968 a.
1295 3917 1388 3969 mal’

241 4007 273 4060 10
288 4006 365 4074 ergo]
387 4011 477 4060 autem
496 4005 579 4061 FOV
638 4007 670 4060 12
689 4007 793 4060 ultimis
813 4007 832 4074 (i
848 4023 891 4074 pr.
911 4023 945 4061 erc
963 4008 991 4073 ιι)
1010 4006 1037 4060 P
1095 4008 1127 4061 15
1147 4005 1257 4060 colonos
1276 4007 1302 4072 (o
1323 4009 1385 4058 terr.

238 4111 272 4148 eu
291 4095 318 4160 u)
336 4095 364 4147 P
434 4099 497 4148 sunt
514 4095 553 4165 Οχ
567 4095 634 4162 (sint
647 4099 695 4148 ιιι)
708 4096 755 4162 E),
771 4111 820 4148 orn.
834 4095 886 4149 PL
925 4095 1100 4150 18lundatur
1113 4093 1194 4148 PBL
1211 4091 1344 4146 fundetur
1355 4093 1387 4144 X

241 4185 432 4251 ragemundus
451 4183 498 4254 Χχ
518 4184 691 4252 (germinanti
709 4189 735 4254 γ)
774 4185 807 4238 25
827 4189 968 4252 praeterat
986 4205 1004 4255 χ
1023 4186 1163 4255 praeterat
1182 4182 1213 4236 X
1263 4181 1386 4235 fructum

239 4276 262 4340 (s
285 4289 306 4327 s.
330 4275 368 4341 m)
392 4271 420 4326 P
525 4274 559 4328 26
582 4274 703 4342 legatum
726 4275 754 4328 P
774 4275 799 4346 (r
820 4291 841 4328 s.
866 4291 890 4336 m
915 4273 1017 4340 m3)L
1125 4271 1386 4342 ut...pauperibus

239 4379 290 4420 om.
311 4363 342 4415 X
