3112 4936
247 414 310 478 154
720 407 914 462 Ambrosii

246 614 478 694 cognoscant
511 617 547 674 te
580 610 700 674 solnm
732 628 862 673 uerum
896 609 1004 674 deum
1037 613 1074 673 et
1106 629 1213 691 quern
1246 610 1391 676 misisti

245 717 369 782 Iesum
413 716 614 783 Christum.
656 719 688 782 et
723 715 794 781 ideo
827 716 912 780 uitae
945 719 1089 781 aeternae
1121 717 1276 782 maximus
1308 718 1392 784 truc·

245 826 299 888 tus
337 827 370 888 et
405 825 493 890 solus
527 824 605 888 deus
642 824 729 888 uitae
765 827 981 888 remunerator
1017 827 1160 890 aeternae
1193 828 1257 890 est:
1286 824 1391 888 solnm

246 929 342 994 deum
370 935 403 994 et
430 929 593 996 dominnm
617 933 761 994 nostrum
786 930 952 994 adoremus
977 935 1009 994 et
1037 929 1100 1012 ipsi
1129 929 1190 996 soli
1213 931 1391 996 semiamns

246 1040 283 1100 ut
311 1038 399 1102 solus
427 1037 496 1120 ipse
528 1055 585 1100 nos
614 1037 721 1100 fructu
748 1039 965 1100 remuneretur
991 1035 1200 1117 amplissimo,
1228 1037 1390 1120 fugiamus
1424 1054 1439 1093 ὁ

248 1145 351 1212 ornnia
370 1163 449 1227 quae
469 1142 642 1208 diabolicae
666 1143 831 1206 subiacent
853 1141 1016 1226 potestati,
1039 1161 1078 1208 ne
1100 1145 1262 1226 tamquam
1286 1145 1391 1210 malos

245 1253 397 1333 tyrannus
424 1250 535 1322 ineos
564 1267 643 1332 quos
671 1249 752 1313 intra
780 1267 873 1312 snum
900 1265 1033 1332 regnum
1060 1249 1216 1314 inuenerit
1243 1253 1391 1333 acceptae

181 1359 220 1421 31
248 1356 382 1422 saeuitia
414 1355 583 1438 potestatis
612 1359 730 1421 utatur.
762 1375 823 1420 non
857 1375 931 1440 ergo
960 1374 978 1420 a
1006 1355 1131 1420 diabolo
1159 1361 1302 1441 potestas
1331 1363 1391 1436 est,
1461 1361 1488 1416 D

247 1462 303 1528 sed
336 1461 469 1526 obnoxia
500 1466 606 1526 tamen
639 1460 764 1526 insidiis
805 1460 932 1527 diaboli.
974 1479 1032 1526 nec
1067 1464 1172 1526 tamen
1206 1462 1276 1528 ideo
1308 1463 1393 1528 mala

247 1568 401 1634 ordinatio
425 1570 637 1652 potestatum,
662 1569 736 1649 quia
758 1567 841 1632 malo
871 1567 1022 1632 obnoxiae
1049 1571 1240 1651 potestates:
1272 1570 1390 1634 bonnm
1409 1587 1440 1628 ιο

247 1675 330 1740 enim
349 1678 400 1740 est
417 1673 512 1740 deum
531 1691 690 1757 quaerere,
705 1674 760 1738 1611
775 1673 902 1757 qnidam
921 1674 1023 1757 ipsius
1040 1675 1254 1758 inquisitionis
1274 1677 1391 1742 antrac-

247 1787 308 1846 tus'
325 1783 358 1854 et
380 1800 465 1848 anor
492 1781 622 1864 obrepit.
650 1799 722 1844 nam
751 1780 778 1844 si
805 1779 974 1864 inquisitor
996 1781 1028 1846 in
1052 1782 1253 1866 sacrilegium
1277 1801 1392 1848 scaena

246 1887 506 1972 interpretatione
529 1890 682 1960 uertatur,
705 1887 737 1950 in
761 1885 900 1952 (leterius
919 1887 1057 1952 uertitur
1075 1889 1255 1970 quaerentis
1275 1891 1394 1956 offensa

247 2014 342 2078 quam
366 1995 393 2060 si
416 2013 477 2058 non
502 1992 691 2078 quaesisset.
721 2011 778 2056 nee
802 1995 908 2058 tamen
932 1994 1158 2075 inquisitionis,
1189 1988 1246 2060 sed
1268 1995 1392 2078 quaesi-

245 2101 324 2168 toris
349 2105 398 2166 est
426 2100 530 2183 culpa,
564 2119 620 2166 neo
648 2099 812 2182 inquisitio
842 2100 974 2165 obnoxia
1001 2101 1094 2178 malo,
1128 2101 1183 2166 sed
1212 2103 1391 2184 quaerentis
1409 2119 1440 2160 ιι

246 2209 401 2282 adfectus.
436 2207 551 2290 quodsi
586 2207 615 2272 is
658 2207 712 2290 qni
745 2206 839 2272 deum
873 2207 997 2290 quaerit
1028 2211 1156 2292 propter
1187 2209 1392 2294 fragilitatem
1465 2215 1489 2270 E

247 2315 349 2386 carnis
374 2319 405 2379 et
428 2314 543 2380 mentis
568 2315 732 2398 angustias
757 2333 850 2396 saepe
873 2317 1035 2392 temtatur,
1070 2319 1187 2398 quanto
1211 2316 1313 2400 magis
1337 2315 1391 2398 qni

247 2423 410 2488 sasoniam
442 2419 565 2504 quaerit
593 2420 745 2487 obnoxius
774 2423 837 2486 est!
870 2425 965 2502 atqua
993 2421 1052 2486 hoe
1084 2422 1154 2506 ipso
1186 2423 1392 2504 perniciosior

246 2527 388 2604 ambitio,
412 2526 497 2609 qnod
519 2526 634 2592 blanda
657 2525 811 2607 quaedam
835 2530 884 2592 est
912 2527 1158 2594 conciliatricula
1187 2528 1390 2612 dignitatum.

246 2639 279 2699 et
301 2653 395 2718 saepe
419 2653 498 2716 quos
523 2633 603 2698 uitia
626 2631 713 2698 nulla
736 2632 905 2712 delectant,
930 2653 1009 2716 qnos
1033 2634 1120 2698 nulla
1139 2635 1245 2717 potuit
1263 2653 1390 2700 mouere
1410 2651 1440 2692 eo

244 2742 378 2817 luxuria,
398 2740 485 2804 nulla
502 2739 635 2804 auaritia
650 2739 833 2806 subuertere
847 2740 924 2805 facit
937 2741 1068 2808 ambitio
1084 2741 1280 2807 criminosos.
1296 2741 1392 2808 habet

246 2848 329 2913 onim
352 2848 507 2914 forensem
536 2847 680 2932 gratiam,
715 2845 923 2912 domesticum
954 2847 1130 2929 periculum
1154 2851 1195 2922 et,
1228 2852 1265 2912 ut
1291 2847 1391 2912 domi-

244 2959 336 3020 netur
354 2955 436 3033 aliis,
458 2955 547 3036 prius
568 2954 675 3020 seruit.
699 2958 850 3020 curuatnr
868 2954 1032 3036 obsequio,
1055 2959 1093 3020 ut
1110 2955 1227 3020 honore
1246 2955 1389 3032 donetur,
1464 2961 1488 3016 1¹¹

245 3065 286 3138 et,
320 3061 396 3126 dnm
432 3062 505 3126 uult
542 3079 613 3126 esse
651 3061 826 3138 sublimior,
860 3061 897 3126 lit
931 3061 1104 3139 remissior,
1142 3081 1212 3126 cum
1251 3062 1282 3126 in
1319 3062 1391 3144 ipsa

320 3340 349 3395 '4
368 3343 449 3395 Dent.
469 3341 495 3408 6,
517 3341 557 3408 13,
577 3340 675 3396 Mattlr.
695 3342 721 3410 4,
743 3341 775 3394 10
815 3342 846 3394 19
867 3339 921 3395 Cio.
942 3357 988 3410 pro
1009 3341 1098 3395 Sestio
1118 3339 1150 3394 21

279 3518 291 3572 1
314 3533 507 3587 cognoscamus
527 3517 554 3570 P
571 3523 612 3570 ml
632 3533 792 3586 cognoscam
811 3517 838 3570 P
855 3521 902 3572 m2
920 3519 977 3584 (m3
996 3519 1173 3586 cognoscant)
1192 3515 1218 3570 L
1296 3533 1389 3571 nerum

241 3623 292 3662 om.
319 3607 349 3658 X
473 3608 489 3660 3
517 3607 555 3675 et]
583 3609 625 3659 est
653 3607 706 3658 CX
730 3611 773 3660 est
799 3605 861 3675 qnia
886 3607 913 3659 B
1047 3609 1234 3660 remunerator
1260 3606 1334 3659 nitas
1359 3607 1392 3660 X

242 3699 256 3750 1
281 3699 392 3764 accepta
416 3696 447 3746 X
578 3695 595 3746 9
620 3695 734 3748 obnoxia
759 3697 815 3762 (·ae
840 3697 897 3761 m3)
922 3695 950 3748 P
1058 3696 1091 3749 10
1116 3699 1270 3764 potestates
1296 3695 1323 3747 P
1347 3699 1390 3748 mi

240 3785 386 3854 potestatis
405 3783 433 3838 P
448 3787 496 3838 m3
517 3783 654 3852 anttis
674 3785 829 3849 61611112)
854 3785 879 3838 V
932 3785 961 3838 ll
984 3787 1026 3838 est
1044 3785 1071 3837 P
1088 3787 1111 3852 (s
1130 3801 1151 3837 s.
1171 3801 1198 3837 ac.
1218 3789 1275 3848 m3)
1296 3793 1323 3838 et
1342 3782 1387 3854 Ly,

242 3875 274 3926 12
294 3876 321 3926 61
339 3888 360 3926 s.
380 3890 407 3926 u.
427 3873 462 3940 E,
481 3889 532 3926 om.
552 3891 567 3942 q
675 3889 757 3943 saeua
775 3871 805 3924 E
822 3872 863 3936 (ira
880 3888 931 3940 rap.
949 3873 962 3925 l
981 3874 1071 3938 scens)
1096 3889 1178 3925 saeua
1199 3871 1224 3925 Τ
1247 3873 1288 3940 (in
1306 3888 1356 3940 my.
1376 3872 1389 3924 l

240 3964 330 4028 saeua)
348 3962 407 4016 ΒΧ
470 3963 502 4016 13
521 3961 774 4031 interpetrationem
795 3960 822 4013 P
838 3965 862 4028 (1
876 3978 921 4029 pr.
941 3977 973 4014 ea
992 3979 1007 4031 p
1027 3965 1087 4026 m2,·
1107 3978 1133 4014 m
1153 3962 1235 4026 eras.)
1253 3963 1387 4029 interpre-

239 4051 464 4120 tationemX(m
480 4053 582 4118 espa)
637 4050 805 4104 uersaturX
857 4050 1164 4118 uertitnrluertaturP
1201 4050 1234 4103 16
1248 4048 1292 4102 bis
1306 4049 1389 4104 PCX

239 4140 266 4206 (h
286 4155 355 4194 eras
374 4139 428 4203 Pr)
499 4139 530 4192 11
550 4139 589 4206 61]
610 4154 658 4192 sen
677 4138 707 4190 X
759 4139 790 4190 21
814 4136 983 4206 subuertere]
1004 4137 1132 4192 subruere
1151 4137 1203 4192 PL
1258 4137 1292 4190 22
1311 4137 1384 4206 peri·

239 4229 340 4296 culam]
362 4227 449 4281 scelus
468 4228 520 4282 PL
592 4227 626 4280 23
646 4225 804 4296 obsequium
825 4226 851 4280 P
868 4226 912 4292 (ad
933 4231 996 4280 caute
1016 4225 1173 4294 obsequium
1192 4241 1214 4278 s.
1232 4241 1260 4278 a.
1280 4229 1336 4290 m3)
1356 4223 1382 4277 L

238 4319 273 4372 24
287 4323 351 4386 post
370 4316 512 4370 sublimior
532 4315 596 4369 radul.
616 4315 743 4368 simulata
761 4316 787 4368 b.
807 4315 838 4369 fit
856 4315 936 4370 uilior
955 4319 983 4370 et
1001 4314 1053 4371 PL
