3042 4918
548 421 764 476 Praelatio.

620 637 691 700 1111.

133 796 282 878 Sequitur
304 801 341 860 ut
363 797 400 861 de
424 797 565 860 fontibus
589 797 705 878 quibus
728 797 916 862 Ambrosius
943 796 974 860 16
1004 795 1227 860 commentario

94 902 278 967 conficiendo
302 921 380 966 6666
400 905 450 966 661
469 903 684 983 quaestionem
703 903 919 968 inst'tuumus.
938 907 1033 984 atque
1054 902 1226 965 multorum

94 1009 239 1090 quiante
268 1027 340 1072 eum
369 1008 442 1072 hnic
471 1009 635 1092 euangelio
663 1009 895 1091 interpretando
924 1027 1051 1090 operam
1080 1007 1229 1070 dederant

93 1115 181 1180 libros
198 1135 231 1180 se
248 1114 431 1180 adhibuisse
451 1115 536 1178 haud
554 1117 663 1198 paucis
683 1117 762 1180 locis
782 1117 849 1200 1666
868 1119 1014 1180 testatur.
1035 1114 1081 1178 sie
1101 1133 1130 1196 p.
1152 1115 1227 1190 528,

95 1222 130 1283 16
142 1219 196 1285 boc
209 1241 330 1304 quoque
347 1221 450 1305 166611
468 1219 665 1302 61111666ίὲ1166
682 1223 886 1303 scriptoribus
900 1221 1061 1304 placuisse
1074 1222 1226 1300 repperio.

93 1345 123 1390 66
150 1347 243 1409 66666
273 1327 414 1393 diuersas
447 1329 637 1412 scriptomm
670 1329 945 1412 interpretationes
977 1327 1078 1392 adfert
1109 1326 1226 1390 talibus

93 1453 163 1498 usus
195 1435 302 1499 uerbis
336 1435 393 1497 alli
418 1485 425 1497 .
451 1485 457 1498 .
484 1485 490 1499 .
524 1437 689 1516 acciplunt,
725 1437 813 1500 6111.
840 1487 846 1500 .
872 1486 878 1500 .
903 1437 989 1512 (370,
1019 1436 1061 1514 5).
1085 1433 1229 1514 pleriq-ue

87 1545 236 1620 66166661
268 1543 357 1622 (268,
394 1543 456 1622 15),
490 1541 635 1606 diuersos
655 1542 747 1606 hobel
774 1543 999 1625 (comparatio)
1032 1539 1227 1620 quaestiones

88 1646 293 1726 plurimorum
324 1649 412 1729 (366,
447 1651 510 1730 11),
542 1648 669 1714 haerent
700 1647 838 1734 plerique
870 1649 959 1730 (476,
992 1649 1060 1726 23),
1094 1649 1130 1710 61
1166 1644 1229 1708 6116

91 1754 242 1838 omittam;
279 1755 393 1836 quibus
426 1755 488 1818 iam
522 1775 600 1838 quae
633 1757 701 1837 1666
732 1757 830 1820 sentit
861 1755 1008 1820 adnectit,
1046 1753 1115 1816 61116
1148 1750 1227 1814 16616

92 1858 226 1940 disputat
254 1861 293 1924 de
320 1861 503 1926 hominibus
532 1862 719 1944 quibusdam
750 1863 867 1928 otiosas
896 1860 1097 1944 quaestiones
1126 1875 1227 1922 seren-

91 1967 169 2030 tibus
193 1967 310 2050 (neluti
336 1969 409 2044 107,
430 1970 463 2042 9;
486 1969 560 2046 236,
582 1969 613 2052 1)
632 1989 750 2050 666666
768 1969 886 2033 refellit
904 1971 936 2032 et
955 1967 1099 2050 castigat.
1125 1963 1181 2026 sed
1201 1963 1227 2026 61

93 2091 141 2138 666
167 2075 255 2140 16666
286 2073 433 2158 excipiam,
463 2075 579 2157 quibus
602 2076 728 2140 Arrium
755 2075 923 2140 Photinum
953 2074 1094 2155 aliosque
1123 2070 1228 2134 haere-

93 2180 165 2244 ticos
180 2183 361 2264 impugnat,-
380 2201 550 2263 numquam
568 2182 664 2246 ullius
679 2183 814 2246 nominis
829 2181 1018 2246 mentionem
1034 2178 1120 2242 facit.
1134 2195 1227 2258 quam

94 2285 127 2348 ob
150 2307 214 2351 rem
238 2287 304 2352 6161
328 2287 459 2351 aliorum
486 2289 674 2371 scriptorum
700 2289 752 2370 qui
772 2291 893 2354 restant
910 2286 1000 2350 libris
1018 2286 1050 2348 in
1070 2301 1228 2364 compera-

93 2393 202 2457 tionem
222 2393 349 2460 uocatis
368 2394 448 2458 hanc
468 2394 684 2475 quaestionem
704 2394 787 2458 solui
806 2413 866 2458 non
887 2411 981 2474 posse
1001 2393 1098 2472 66161.
1119 2387 1232 2470 quodsi

94 2519 149 2580 qno
169 2501 292 2565 ratione
317 2500 442 2564 omnino
466 2500 497 2563 in
521 2499 610 2564 libris
630 2484 854 2582 componendis
873 2497 1061 2562 Ambrosius
1087 2497 1233 2558 uersatus

95 2607 132 2668 611
153 2607 354 2691 respicimus.
378 2606 441 2670 iam
465 2607 666 2690 suspicemur
688 2626 817 2672 necesso
842 2609 891 2668 est
914 2625 986 2670 eum
1009 2605 1040 2668 16
1062 2603 1121 2665 hoc
1142 2619 1235 2682 opere

94 2713 280 2778 conficiendo
311 2712 439 2776 eandem
467 2713 531 2777 fere
560 2714 655 2794 uiam,
683 2733 745 2796 666
772 2716 906 2795 (61666
931 2712 1071 2776 alteroue
1096 2706 1236 2788 exemplo

95 2823 169 2893 nter)
189 2823 219 2884 in
242 2821 395 2884 Examero
414 2820 467 2882 uel
486 2820 516 2882 in
537 2821 704 2902 scriptione
724 2820 761 2884 de
782 2819 857 2885 Cain
879 2823 911 2883 et
924 2817 1003 2882 Abel
1023 2814 1236 2900 progreditur,

95 2925 268 3008 ingressum
300 2945 382 3002 6666,
411 2925 558 2990 nimirum
584 2931 620 2990 ut
643 2946 659 2990 e
683 2947 797 3010 magna
819 2927 971 2990 librorum
997 2942 1076 3006 qnos
1102 2921 1237 3002 16666611

96 3033 178 3115 66616
211 3032 368 3115 quosdam
401 3032 532 3116 eligeret
565 3052 644 3114 quos
677 3034 882 3115 potissimum
916 3032 1011 3096 duoes
1042 3031 1236 3110 sequeretur.

95 3152 182 3220 atque
211 3142 274 3204 hoc
305 3139 397 3204 modo
428 3159 500 3204 eum
524 3139 555 3203 16
583 3141 666 3204 Luca
690 3160 814 3222 qnoque
839 3137 1018 3222 exponendo
1042 3155 1108 3200 rem
1133 3135 1237 3217 egisse

95 3248 324 3329 comprobatur.
340 3245 454 3310 etenim
470 3249 507 3310 ut
520 3246 551 3309 in
567 3246 632 3310 illis
647 3247 834 3312 tractatibus
845 3247 1000 3311 Basilinm
1017 3242 1236 3316 etPlrdonem,

96 3353 187 3417 11616
211 3354 312 3418 huius
338 3352 440 3433 operis
464 3353 554 3416 libris
578 3354 678 3436 primo
703 3359 735 3418 61
758 3354 895 3418 seeundo
916 3350 1061 3434 Origenis
1082 3349 1111 3412 in
1133 3349 1237 3410 Lucan

96 3459 237 3524 homilias
262 3459 415 3540 expilauit
437 3461 492 3536 116,
517 3464 554 3524 61
577 3459 645 3524 eius
671 3461 836 3544 explicatio
861 3460 924 3523 fere
948 3463 1016 3523 1616
1039 3455 1175 3538 pendeat
1199 3453 1237 3516 ob

97 3565 137 3630 616
160 3587 240 3649 6666
266 3565 351 3648 apud
376 3565 542 3650 Origenem
565 3567 725 3650 leguntur.
755 3568 781 3630 si
806 3566 976 3631 contuleris
1002 3581 1081 3646 6666
1106 3567 1238 3641 uterque

97 3673 271 3736 communia
301 3671 396 3736 habet
424 3671 570 3756 (quorum
601 3672 790 3736 laterculum
817 3672 947 3754 praebet
974 3671 1064 3733 index
1097 3669 1238 3730 locorum

97 3777 163 3843 huic
193 3778 351 3844 uolumini
380 3777 573 3862 adiunctus),
603 3779 728 3843 uidebis
756 3779 960 3843 Ambrosium
987 3777 1018 3840 in
1048 3771 1239 3858 quibusdem

98 3885 223 3949 uerbum
261 3903 318 3967 pro
356 3885 452 3948 uerbo
495 3885 679 3958 reddidisse,
723 3887 907 3968 plerumque
949 3887 1054 3947 autem
1097 3883 1238 3944 locorum

99 3993 268 4056 sententias
294 4011 330 4054 en
353 3989 488 4072 Origene
512 3994 656 4072 sumptas
685 3992 751 4056 6616
780 3992 885 4056 uerbis
915 3989 1131 4071 666116661666.
1161 3985 1239 4048 miro

100 4101 199 4161 autem
224 4117 302 4162 casu
328 4097 444 4160 accidit
467 4101 504 4161 61
527 4116 598 4162 cum
624 4097 768 4180 Origenis
793 4097 941 4162 homiliae
965 4097 1002 4159 ab
1032 4096 1100 4177 ipso
1130 4109 1240 4176 graece

101 4205 291 4286 conscriptae
323 4204 432 4286 paucis
466 4203 655 4285 quibusdam
689 4205 873 4288 fragmentis
908 4202 1046 4284 exceptis
1079 4198 1238 4282 perierint,

100 4307 155 4372 iarn
189 4311 293 4388 nobis,
326 4313 364 4373 ut
391 4308 537 4393 Origenis
570 4310 796 4392 expositionem
831 4326 1063 4391 recuperemus,
1097 4303 1239 4369 adeunda
