3042 4918
263 427 404 498 Expositio
424 427 560 496 euangelii
579 427 667 482 Lucae
686 429 699 482 l
721 431 787 482 1-3
807 430 887 496 (1265
907 431 1038 484 Β-1266
1057 434 1101 498 D).
1236 439 1271 500 11

127 623 303 687 seeundum
333 623 482 688 Theman.
511 624 586 688 noui
614 624 700 688 aliud
728 625 882 708 seriptum
907 627 1082 690 seeundum
1105 627 1275 693 Matthian.

125 730 266 815 legimus
290 727 405 812 aliqua.
430 749 468 793 ne
492 732 650 814 legantur,
673 731 822 816 legimus,
847 751 885 797 ne
909 733 1101 818 ignoremus,
1125 736 1274 818 legimus,

124 856 182 900 nnn
216 841 257 900 ut
284 838 461 912 teneamus,
495 837 550 900 sed
580 842 618 902 ut
644 838 849 920 repudiemus
877 843 909 903 et
938 843 973 904 ut
1001 841 1140 904 sciamus
1169 843 1274 926 qualia

126 942 187 1006 sint
214 943 248 1006 in
279 942 394 1024 quibus
423 942 583 1027 magnifici
601 944 657 1008 isti
680 963 733 1010 eor
756 945 895 1010 exaltant
919 965 1022 1012 suum.
1050 947 1104 1012 sed
1129 950 1273 1028 ecelesia,
1293 955 1314 1008 Ε

97 1068 196 1113 teum
221 1051 376 1131 quattuor
394 1050 552 1134 euangelii
574 1051 673 1115 libros
692 1051 817 1130 haheat,
841 1071 896 1134 per
914 1053 1099 1118 uniuersum
1120 1055 1272 1120 mundum

125 1158 334 1242 euangelistis
366 1157 532 1232 redundat,
564 1159 722 1236 haerenae,
755 1178 827 1224 eum
861 1161 963 1224 mirlta
995 1160 1142 1228 habeant.
1174 1181 1272 1226 unum

125 1283 182 1328 nou
217 1264 355 1337 hahent;
389 1264 509 1328 multi
540 1264 623 1327 enim
652 1265 796 1342 eonati,
831 1265 886 1328 sed
916 1265 966 1330 dei
999 1265 1100 1350 gretia
1128 1267 1273 1332 destituti

124 1375 205 1436 eunt.
240 1370 387 1452 plerique
412 1369 507 1434 etiam
532 1389 568 1433 ex
592 1373 742 1452 quattuor
765 1371 923 1455 euangelii
946 1372 1035 1437 libris
1059 1373 1090 1436 in
1116 1394 1212 1436 uuum
1237 1395 1273 1438 ea

124 1497 202 1560 quae
240 1476 407 1541 uenenatis
440 1478 634 1558 putauerunt
666 1477 898 1542 adsertionibus
931 1479 1149 1544 conuenientia
1180 1481 1273 1545 refer·
1294 1487 1405 1543 1266ss

10 1625 12 1634 =
85 1601 105 1636 1⁰
124 1587 242 1648 serunt.
267 1585 313 1648 ita
336 1584 473 1648 ecelesia
497 1603 577 1666 quae
597 1603 695 1648 unum
715 1585 917 1670 euangelium
936 1587 1032 1650 habet
1057 1605 1152 1650 unum
1178 1587 1272 1652 deum

124 1691 226 1760 docet.
260 1691 310 1755 illi
343 1693 449 1755 autem
479 1692 533 1773 qui
562 1691 660 1755 alium
688 1691 780 1756 deum
809 1693 926 1757 ueteris
950 1694 1145 1768 testamenti,
1174 1695 1271 1758 ulium

123 1798 197 1861 noui
222 1799 376 1862 adserunt
399 1815 434 1861 er
458 1797 568 1862 multis
594 1799 767 1882 euangeliis
786 1818 847 1863 non
871 1819 970 1864 unum
995 1799 1100 1874 deum,
1125 1801 1180 1864 sed
1205 1803 1272 1884 plu-

123 1923 170 1968 res
195 1905 351 1970 fecerunt.

66 2002 83 2063 3
167 2009 363 2089 Quoniam
392 2012 514 2076 multi
542 2011 648 2093 inquit
671 2013 806 2077 eonati
836 2017 937 2078 suut.
963 2014 1067 2078 eonati
1089 2015 1200 2096 utique
1223 2014 1270 2078 illi

85 2121 198 2182 nsunt
231 2117 287 2200 qui
319 2117 439 2200 inplere
471 2117 691 2201 nequiuerunt.
724 2138 799 2203 ergo
831 2120 950 2184 multos
980 2120 1122 2202 coepisse
1145 2139 1202 2184 nen
1226 2120 1270 2182 in-

123 2223 228 2304 plesse
263 2225 359 2290 etiam
393 2227 522 2290 sanetus
554 2225 656 2290 Lucas
684 2225 865 2290 testimonio
893 2226 1101 2312 locupletiore
1133 2228 1271 2290 testetur

124 2330 415 2412 dieens'plurimos
445 2350 515 2395 esse
544 2334 683 2396 eonatos.
713 2333 766 2414 qui
791 2333 872 2396 eninr
898 2337 1029 2398 conatus
1055 2336 1104 2396 est
1127 2331 1269 2396 ordinere

124 2455 178 2501 suo
211 2437 322 2502 labore
354 2441 487 2502 conatus
521 2441 571 2502 est
599 2456 654 2502 neo
682 2438 828 2520 inpleuit.
858 2438 925 2503 sine
950 2441 1064 2502 oorratu
1089 2443 1161 2502 sunt
1185 2438 1309 2502 enimc

124 2541 310 2610 donationes
338 2549 371 2608 et
398 2545 500 2628 gratia
529 2544 588 2623 dei,
619 2563 710 2626 quae.
738 2545 793 2609 ubi
822 2563 855 2609 se
883 2545 1044 2622 infuderit,
1072 2546 1173 2628 rigere
1198 2564 1266 2610 eon-

83 2653 238 2716 eosueuit.
270 2656 395 2714 utnon
426 2654 525 2735 egeat,
554 2652 609 2715 sed
636 2650 790 2714 redundet
818 2651 980 2735 seripturis
1008 2651 1179 2736 ingenium.
1208 2671 1267 2716 non

10 2793 13 2870 r.
123 2761 254 2821 conatus
280 2759 330 2820 est
352 2755 547 2832 Matthaeus
571 2775 631 2820 uon
657 2759 789 2821 conatus
818 2761 867 2820 est
890 2757 1027 2834 Marcus,
1053 2776 1112 2820 non
1137 2761 1268 2822 conatus

122 2866 170 2925 est
186 2863 358 2936 Iohannes,
382 2881 441 2926 non
467 2865 599 2926 conatus
625 2867 674 2926 est
691 2862 805 2936 Lucas,
830 2863 885 2926 sed
910 2862 1016 2926 diuino
1042 2863 1154 2944 spiritu
1178 2864 1267 2927 uber-

54 2949 59 2959 ’
121 2971 217 3035 tatem
243 2971 402 3035 dictorum
426 2989 593 3052 rerumque
618 2970 759 3034 omnium
778 2969 976 3034 ministrante
997 2970 1063 3035 sine
1087 2971 1153 3034 ullo
1178 2971 1267 3034 moli-

58 3126 63 3146 ,
121 3077 202 3141 mine
228 3081 342 3158 coepta
366 3076 561 3158 conplernnt.
583 3081 615 3140 et
632 3076 703 3140 ideo
723 3077 801 3140 hene
822 3075 912 3140 dicit:
938 3077 1123 3158 quoniam
1148 3076 1266 3141 multi
1286 3089 1310 3142 D

206 3325 226 3376 4
250 3322 349 3374 Daniel
375 3321 416 3387 11,
443 3322 474 3374 12
499 3325 527 3375 et
550 3325 593 3388 36,
618 3322 662 3374 Ps.
688 3323 748 3378 130.
770 3323 796 3384 l;
818 3323 850 3373 el.
870 3321 950 3374 Zueh.
972 3321 1012 3385 ll,
1033 3322 1049 3373 2
1157 3323 1188 3375 14
1208 3337 1266 3388 sqq.

122 3409 255 3480 Origenes
275 3409 346 3466 honr.
365 3410 394 3464 in
412 3409 512 3464 Lucam
533 3411 546 3464 I
566 3411 645 3476 (XIII
666 3411 761 3464 laeua
779 3409 832 3468 Μ.)

156 3535 304 3588 lthoman
324 3531 421 3602 PFGe
440 3540 464 3586 el
485 3537 510 3599 (n
532 3550 565 3586 ee·
582 3539 622 3598 ιιι)
644 3534 670 3584 V
685 3534 805 3587 thomam
826 3539 872 3588 eet.
928 3535 1011 3587 alium
1030 3535 1060 3586 X
1078 3533 1137 3598 (·ud
1157 3536 1205 3586 m2
1228 3533 1265 3596 V)

121 3621 221 3695 alibi]
332 3623 466 3675 matthian
493 3623 576 3675 PET
597 3623 719 3676 mathian
743 3623 786 3690 pL
808 3623 950 3676 matthiam
976 3641 993 3673 α
1015 3622 1134 3675 matthia
1151 3621 1181 3676 F
1197 3624 1266 3674 met·

120 3710 209 3764 theum
230 3711 259 3764 B
278 3711 410 3763 mathiam
434 3711 458 3762 V
477 3715 530 3775 (am
549 3729 582 3764 eu
601 3727 633 3764 an
653 3715 709 3776 m2)
730 3717 777 3765 eet.
818 3712 976 3764 teraltant
995 3728 1040 3764 cor
1059 3709 1084 3763 C
1118 3709 1269 3763 5·Illl·P

121 3800 136 3851 6
155 3799 311 3869 redundarit
329 3800 356 3853 P
449 3799 551 3853 heresis
572 3800 605 3862 (is
625 3815 658 3852 an
677 3817 704 3852 es
723 3803 781 3866 m2)
803 3799 844 3854 Ou
938 3799 1073 3853 habeaant
1091 3798 1118 3868 (b
1138 3805 1221 3866 erae.)
1241 3798 1266 3851 L

121 3888 239 3944 habeant
259 3893 288 3954 (n
307 3905 329 3942 e.
348 3891 388 3955 ιι.)
407 3887 604 3942 EhabeatX
657 3889 826 3942 uhatetx
879 3888 985 3942 tuln·
1005 3888 1076 3942 PLn
1149 3890 1265 3941 9uene·

121 3979 190 4031 natis
210 3983 257 4043 (ue
276 3994 298 4032 a.
317 3977 356 4046 u.)
375 3978 402 4030 P
421 3977 527 4030 uenatis
546 3976 576 4030 F
681 3977 845 4032 referserunt
869 3983 920 4041 (rse
940 3977 1020 4047 erne.)
1044 3997 1061 4028 π
1080 3983 1266 4046 resperserunt

121 4065 245 4133 (pau.)
271 4065 499 4135 Vretnleruutu
565 4065 804 4136 l-tinquitmulti
827 4067 855 4134 0,
875 4067 1069 4136 inquitatur
1140 4067 1172 4120 16
1191 4065 1265 4118 loeu-

122 4153 233 4221 pletiore
259 4154 296 4208 tio
315 4154 348 4207 in
365 4157 433 4218 ras.)
457 4154 480 4208 O
502 4153 675 4224 locupletiori
698 4155 760 4224 (iori
782 4155 813 4208 in
835 4159 903 4222 rae.)
922 4154 949 4207 L
967 4154 1134 4223 locupletare
1154 4173 1170 4206 π
1192 4155 1265 4216 (tiori

122 4246 203 4298 m2e.
222 4247 294 4311 tere)
313 4241 375 4297 FV
431 4243 465 4296 20
484 4260 537 4296 ιιοιι
557 4245 704 4311 negeatm
723 4243 774 4296 ull.
794 4246 873 4310 erus.)
892 4243 920 4296 P
977 4245 1009 4298 21
1031 4247 1072 4296 est
1086 4259 1132 4312 pr.
1150 4260 1172 4295 s.
1192 4259 1219 4295 ιι,
1239 4242 1266 4296 Ρ

123 4331 154 4383 22
172 4331 300 4384 iohannis
319 4329 352 4382 X
370 4333 424 4396 (·es
443 4334 490 4384 md
508 4335 535 4397 ιι)
592 4331 626 4384 24
647 4330 806 4399 conplerunt
824 4329 925 4383 PeBG
945 4330 1140 4400 conpleuerunt
1159 4337 1207 4385 eet.
