3086 4938
230 389 294 450 342
698 383 892 436 Ambrosii

227 587 366 646 unum?
404 583 560 665 quomodo
599 583 666 666 ipsc
706 582 797 648 dicit:
837 601 970 665 pacem
1009 603 1129 647 meam
1165 585 1210 649 do
1244 585 1374 658 uobis,
1447 593 1468 644 B

226 708 360 770 pacem
385 709 507 753 meam
531 690 716 770 relinquo
741 689 870 762 uobis,
896 690 922 752 si
943 693 1087 770 parentes
1107 711 1125 754 a
1143 691 1230 770 liliis,
1254 691 1376 756 liliosa

226 796 410 876 perentibus
426 796 559 860 discidio
576 796 821 860 necessitudinis
836 803 1037 879 sepamtums
1053 797 1202 862 aduenit?
1218 797 1376 880 quomodo

227 901 475 968 maledictus
505 905 572 985 qui
605 923 679 968 non
713 902 886 968 honoret
918 907 1085 986 patrem,
1118 903 1288 988 religiosus
1322 905 1376 988 qui

140 1005 202 1069 136
227 1007 363 1073 deserit?
384 1009 439 1072 sed
455 1011 481 1074 sl
497 1009 702 1073 aduertamus
717 1008 789 1090 quie
810 1009 910 1091 prima
930 1029 1026 1073 causa
1044 1009 1216 1092 religionis,
1238 1011 1376 1076 secunda
1410 1031 1422 1070 s

226 1114 353 1196 pietatis
386 1119 444 1192 est,
478 1117 609 1180 enodem
638 1115 734 1182 etiam
763 1115 842 1179 lianc
872 1116 1111 1180 aestimabimus
1141 1118 1375 1198 quaestionem

227 1225 351 1302 oportet
374 1223 457 1285 enim
481 1228 517 1286 ut
541 1221 657 1286 diuinis
687 1223 823 1286 humana
850 1221 1051 1304 posthabeas.
1080 1241 1150 1285 nam
1181 1223 1208 1288 si
1237 1223 1376 1288 officium

226 1329 408 1408 parentibus
442 1330 652 1393 exhibendum
682 1333 740 1406 eet,
775 1333 889 1410 quanto
919 1329 1021 1414 magis
1049 1331 1170 1395 auctori
1198 1334 1376 1414 parentum,
1448 1341 1468 1394 C

226 1434 278 1497 cui
297 1435 428 1517 gretiam
450 1437 544 1499 etiam
564 1456 619 1517 pro
639 1436 822 1518 perentibus
842 1436 906 1498 tuis
927 1435 1036 1500 debes!
1062 1439 1117 1500 cut
1136 1436 1164 1500 si
1182 1437 1229 1500 illi
1250 1437 1375 1502 omnino

226 1561 285 1606 noo
320 1547 549 1626 recognoscunt
581 1546 751 1624 parentem,
785 1542 1051 1624 quemadmodum
1082 1547 1118 1606 tu
1146 1547 1423 1627 1·eoognoscas?10

226 1667 285 1712 non
318 1648 417 1730 igitur
454 1648 531 1712 dicit
567 1648 810 1712 renuntiandum
849 1667 918 1712 csso
956 1649 1152 1732 pignoribus,
1190 1649 1246 1714 sed
1283 1649 1375 1715 deum

226 1754 373 1818 omnibus
412 1755 661 1838 praeferendum.
703 1755 837 1837 denique
874 1755 972 1819 habes
1010 1755 1041 1818 in
1079 1757 1141 1820 alio
1178 1757 1274 1821 libro:
1310 1757 1377 1840 qui

226 1859 366 1944 diligit
391 1865 545 1942 patrem
570 1865 638 1926 uut
662 1865 826 1925 matrem
853 1861 944 1944 plus
973 1881 1085 1943 quam
1116 1881 1172 1927 mo
1206 1881 1279 1928 non
1314 1869 1377 1928 cst

225 1989 282 2032 me
311 1967 466 2052 dignus.
498 1989 557 2034 non
588 1969 719 2052 diligere
749 1971 904 2050 parentes,
934 1967 989 2032 sed
1013 1969 1071 2032 deo
1095 1970 1249 2052 praeferre
1273 1969 1377 2053 prolui-

226 2075 324 2150 be1·is;
350 2075 465 2139 etenim
489 2081 619 2140 naturae
642 2075 772 2160 pignone
796 2075 913 2138 domini
936 2075 1089 2138 beneficia
1113 2079 1188 2139 sunt
1211 2095 1268 2140 nec
1292 2077 1376 2158 quis·
1399 2095 1423 2133 u

226 2201 319 2263 quam
344 2181 438 2246 debet
460 2184 532 2265 plus
557 2201 660 2245 amone
685 2181 872 2246 beneficium
898 2182 981 2264 quod
1009 2182 1131 2264 occepit
1159 2201 1253 2264 quum
1282 2183 1374 2246 deum
1445 2191 1467 2242 u

225 2307 243 2351 e
271 2307 333 2370 quo
361 2288 549 2353 beneficium
578 2291 724 2352 seruatur
754 2291 930 2370 acceptum.
965 2307 1038 2371 engo
1071 2288 1167 2352 etiam
1200 2289 1375 2354 secundum

224 2393 363 2458 litterum
382 2395 433 2476 pie
452 2394 712 2478 intellegentibus
733 2393 886 2476 expositio
902 2394 1052 2478 religiose
1066 2414 1127 2460 uon
1144 2395 1243 2472 deest,
1264 2395 1375 2459 subest

224 2505 328 2564 tamen
363 2521 423 2584 qno
457 2502 553 2565 altius
587 2501 784 2566 referendum
822 2508 971 2583 putemus
1004 2502 1087 2565 huno
1125 2519 1263 2578 sensum,
1302 2503 1375 2583 quia

139 2605 360 2670 novendium:
394 2613 512 2671 erunt
546 2627 588 2671 ex
616 2609 688 2672 hoc
718 2608 892 2689 quinque
922 2607 959 2670 in
990 2608 1102 2672 domo
1131 2627 1205 2671 uun
1234 2607 1373 2672 diuisi.
1396 2627 1423 2665 κο

225 2714 369 2777 tresin
394 2714 470 2778 duo
496 2714 630 2778 etduo
655 2715 801 2778 intres
826 2713 1076 2778 diuidentur.
1106 2715 1160 2796 qui
1189 2719 1264 2780 suunt
1291 2716 1372 2779 enim

225 2820 374 2900 quinque,
403 2839 475 2883 cum
500 2839 553 2884 sex
576 2839 779 2902 personarum
805 2820 950 2885 uideatur
972 2821 1056 2884 fecta
1080 2821 1246 2898 subiectio,
1274 2823 1373 2905 putris

225 2929 257 2989 et
284 2925 352 3002 filii,
381 2927 491 2990 matris
519 2930 552 2990 ct
573 2927 667 2992 tiliae.
701 2945 810 2991 socrus
840 2931 873 2990 et
900 2931 1019 2990 nurus?
1048 2947 1239 3010 quamquam
1263 2927 1371 2992 eadem
1443 2935 1465 2988 E

224 3037 326 3096 mater
353 3051 432 3114 quac
462 3053 570 3098 soccus
600 3033 701 3115 accipi
729 3034 848 3114 possit:
884 3053 962 3115 quae
996 3033 1079 3097 enim
1111 3039 1213 3099 mater
1240 3039 1290 3099 est
1316 3035 1374 3098 filii

226 3157 334 3202 socrus
364 3139 432 3203 eius
461 3140 566 3204 uxoris
596 3144 654 3214 est,
683 3143 721 3204 ut
743 3139 829 3203 iuxta
855 3139 994 3202 litteram
1020 3159 1144 3222 quoquc
1168 3141 1290 3205 numeni
1313 3159 1373 3204 nou
1394 3158 1419 3196 s»

225 3245 362 3309 absurda
385 3247 429 3310 sit
451 3246 529 3310 ratio
553 3246 736 3329 liquidoque
761 3247 878 3308 clareat
902 3245 996 3309 fidem
1020 3245 1159 3310 uinculis
1184 3265 1291 3311 nexam
1313 3265 1373 3310 non

224 3371 295 3416 esse
315 3357 453 3430 naturae,
474 3353 548 3436 quia
567 3355 643 3418 licet
662 3351 765 3417 olficio
787 3352 914 3434 pietatis
935 3353 1059 3416 obnoxii
1078 3352 1139 3416 fide
1159 3355 1263 3416 temen
1282 3353 1372 3416 libeni

224 3464 311 3523 sunt.

316 3638 328 3690 l
351 3635 408 3690 Ioh.
432 3637 472 3703 ll,
492 3637 525 3688 27
580 3637 597 3690 4
617 3635 699 3688 Deut.
719 3636 762 3703 27,
784 3635 816 3688 16
874 3635 906 3688 12
927 3633 1025 3688 naeth.
1048 3635 1089 3700 10,
1108 3635 1142 3688 37

262 3760 411 3814 ldiuitB
452 3759 681 3828 dderclinquox
723 3757 974 3813 Successitudines
993 3759 1020 3810 P
1039 3759 1086 3826 (·is
1105 3768 1185 3814 corut
1206 3759 1232 3812 L
1274 3759 1372 3812 dono-

224 3849 287 3903 dem
303 3848 346 3902 Ρα
364 3852 390 3915 (e
408 3865 429 3902 s
451 3865 484 3901 en
503 3851 560 3916 2222)
578 3847 600 3900 0
617 3847 645 3900 in
666 3847 760 3900 eodem
775 3866 793 3915 χ
812 3845 905 3900 eodem
921 3851 970 3902 cel.
1043 3847 1230 3900 estimeuimus
1244 3845 1376 3899 PoBLX.

227 3939 340 3999 (·bimus
359 3943 406 3990 mli
425 3937 459 4002 V)
516 3939 545 3991 ll
568 3924 630 3990 dnm
651 3936 681 3990 X
718 3937 750 3990 12
770 3937 797 3988 in
818 3935 871 3988 ulio
886 3934 955 3988 libro
970 3935 1000 3988 in
1015 3953 1070 3988 rae.
1087 3936 1113 3988 Ρ
1150 3937 1181 3989 13
1203 3936 1261 4004 plus
1281 3935 1370 4004 quum]¹

226 4044 341 4097 super]
382 4027 414 4078 14
434 4025 532 4095 dignus
550 4043 592 4080 nne
612 4025 663 4079 PL
718 4024 767 4079 sed
787 4042 832 4078 eos
853 4023 903 4077 deo
922 4024 974 4077 PL
1016 4026 1048 4078 16
1068 4025 1214 4094 accipitP
1250 4027 1282 4078 19
1301 4027 1371 4078 lnunc

229 4133 287 4170 esse
307 4131 414 4168 sensum
434 4117 503 4180 (esso
522 4117 603 4180 erac.)
621 4115 649 4168 P
697 4115 732 4168 20
746 4115 864 4182 quinque
884 4129 935 4182 que
955 4115 982 4183 (n
997 4129 1017 4166 c.
1033 4130 1052 4165 u
1063 4115 1072 4179 )
1085 4113 1113 4166 Ρ
1131 4115 1248 4182 quinque
1263 4113 1371 4182 quch

228 4207 258 4258 21
281 4205 308 4257 in
329 4204 395 4256 duos
414 4207 440 4268 (e
460 4219 493 4256 ex
512 4207 536 4266 a)
556 4203 586 4254 X
603 4215 626 4268 ts
645 4219 714 4256 eres.
734 4203 766 4268 0)
813 4204 846 4255 22
866 4187 939 4256 iactu
959 4201 1084 4258 uideatur
1101 4221 1119 4270 χ
1179 4201 1251 4256 lecto
1270 4219 1328 4256 esse
1343 4203 1373 4254 Χ

229 4291 590 4358 23nlii1²ueercno>
645 4291 886 4359 27qno(oudd
913 4290 1149 4359 m2quuouL
1258 4309 1262 4316 ’
