3044 4930
226 407 268 472 80
700 403 897 456 Ambrosii

226 597 422 675 meritorum,
445 596 499 678 qui
518 597 591 660 ante
611 595 717 660 cibum
736 595 862 660 faetidis
881 595 913 659 in
933 595 1139 660 cadaueribus
1158 596 1371 679 requirebant,

226 721 308 770 nuno
328 703 365 768 de
385 722 419 768 se
439 701 649 768 aduectioiam
670 701 830 785 prophetis
850 703 1029 774 alimoniam
1049 703 1263 786 praebituros;
1279 703 1370 770 cibus

228 811 309 874 enirn
333 809 558 891 prophetarum
583 809 708 873 diuinae
733 809 909 874 uoluntatis
934 810 1065 875 effectus
1097 813 1156 887 est,
1190 809 1275 875 sient
1301 811 1370 892 ipss

227 916 374 981 dominus
407 915 581 981 declarauit
613 915 735 980 dicens:
773 935 880 980 mens
914 916 1023 980 cibus
1056 919 1123 991 est,
1158 920 1199 980 ut
1231 917 1371 982 faciam
1433 927 1455 982 F

162 1021 466 1088 tauctoritatem
492 1022 573 1086 eius
599 1021 661 1104 qui
690 1041 744 1086 me
771 1023 887 1088 misit.
923 1041 992 1087 uox
1019 1024 1221 1088 clamantis
1249 1023 1286 1088 in
1314 1025 1369 1088 de·
1402 1053 1415 1094 s

165 1133 339 1195 merto.
373 1129 452 1193 bene
485 1147 546 1194 uox
579 1128 695 1192 dicitur
726 1128 892 1206 lohannes,
925 1128 1014 1193 uerbi
1046 1131 1262 1212 praenuntius.
1298 1151 1371 1196 nam

227 1237 297 1318 ipse
327 1236 541 1319 interrogatus
574 1235 744 1300 Iohannes:
780 1235 870 1317 quid
901 1234 997 1300 dicis
1030 1235 1072 1300 de
1105 1239 1140 1300 te
1173 1236 1277 1318 ipso?
1311 1237 1369 1302 ait:

229 1361 295 1427 ego
320 1361 391 1406 uox
416 1341 623 1406 clamantis
652 1341 687 1404 in
717 1341 877 1406 deserto.
910 1341 981 1406 ideo
1010 1342 1069 1409 ait:
1107 1343 1170 1424 qui
1198 1347 1288 1426 post
1315 1363 1371 1409 me
1435 1353 1510 1410 1305,

229 1449 334 1513 uenit
357 1451 442 1512 ante
465 1465 520 1510 me
546 1446 670 1512 foetus
695 1450 763 1522 est,
788 1447 863 1529 quia
886 1466 947 1511 uox
965 1447 1126 1530 praecedit
1143 1449 1282 1526 inferior,
1302 1469 1372 1514 uer-

228 1555 305 1618 bum
332 1553 485 1637 aequitur,
517 1553 601 1644 quod
629 1554 803 1634 praecellit.
837 1553 907 1620 ideo
937 1556 969 1618 et
999 1575 1017 1620 a
1048 1555 1186 1622 Iohanne
1218 1557 1371 1638 baptizari
1391 1587 1415 1626 ro

229 1661 343 1734 uoluit,
374 1659 448 1740 quia
469 1659 501 1722 in
525 1659 707 1724 hominibus
731 1659 863 1725 uerbum
889 1665 1091 1726 consecratur
1114 1681 1192 1727 noce
1220 1662 1370 1728 doctoris.

229 1767 299 1831 ideo
345 1767 480 1830 fortasse
519 1767 552 1830 et
588 1765 772 1832 Zaccharias
819 1786 932 1832 uocem
977 1769 1106 1851 recepit,
1144 1769 1219 1851 quia
1258 1788 1371 1834 uocem

229 1875 356 1937 locutus
380 1875 439 1936 est.

119 2003 215 2056 arm.
276 1979 480 2046 Generatio
508 1978 733 2060 uiperarum,
758 1980 842 2061 quis
868 1980 1038 2046 ostendit
1061 1982 1171 2047 uobis
1195 1984 1373 2068 fugerea

230 2089 391 2150 uentura
418 2086 494 2150 ira?
518 2085 634 2150 facite
659 2105 746 2170 ergo
770 2087 918 2150 fructus
944 2087 1078 2172 dignos
1102 2090 1415 2171 paenitentiae,1s

231 2195 267 2256 et
285 2211 327 2256 ne
343 2191 549 2274 coeperitis
570 2192 707 2257 dicere:
728 2195 834 2275 pater
853 2197 982 2258 noster
1001 2195 1266 2262 estAbraham.
1287 2197 1371 2262 dico

231 2302 354 2364 autem
378 2298 499 2377 uobis,
525 2299 612 2381 quia
635 2303 769 2382 potens
793 2303 850 2364 est
875 2299 966 2364 deus
992 2301 1033 2364 ds
1057 2301 1252 2384 lapidibus
1279 2303 1371 2368 istis
1433 2315 1453 2368 Β

165 2409 206 2472 74
232 2407 419 2470 suscitare
451 2405 558 2470 filios
591 2404 770 2482 Abrahae,
809 2406 899 2490 argui
932 2407 1059 2488 quidem
1092 2407 1219 2472 uidetur
1250 2409 1373 2474 malitia

229 2513 428 2588 Iudaeorum,
458 2531 494 2575 eo
523 2511 608 2594 quod
635 2511 716 2576 uarii
743 2513 851 2576 noxiae
879 2513 995 2578 mentis
1027 2533 1148 2579 ueneno
1177 2516 1372 2598 serpentinos

228 2621 339 2702 lapsus
359 2622 391 2682 ot
409 2621 533 2682 terrena
551 2617 678 2694 cubilia,
699 2637 757 2683 non
779 2618 904 2684 diuinae
920 2620 1048 2702 aliquod
1062 2621 1248 2703 mysterium
1267 2623 1373 2708 cogni·
1391 2651 1415 2691 so

231 2726 327 2790 tionis
361 2727 540 2808 operentur,
579 2724 635 2790 sed
667 2730 773 2789 tamen
807 2745 878 2790 curn
912 2727 1042 2790 dicitur:
1081 2727 1164 2808 quis
1202 2729 1374 2792 ostendit

231 2833 340 2898 uobis
368 2832 499 2915 ingere
528 2851 546 2896 a
573 2837 732 2897 uentura
763 2832 839 2896 ira?
873 2834 1051 2898 ostenditur
1079 2834 1211 2926 hisdei
1244 2835 1372 2900 misera·

230 2939 316 3004 tione
338 2939 446 3003 infusa
468 2938 643 3022 prudentia,
671 2942 708 3003 nt
732 2942 843 3022 gerant
865 2958 995 3004 suorum
1023 2941 1248 3022 paenitentiam
1277 2941 1372 3008 delic-

231 3051 336 3110 torum
359 3045 458 3109 futuri
481 3049 631 3110 terrorem
652 3045 761 3109 iudicii
780 3047 913 3128 prouida
932 3047 1100 3112 deuotione
1119 3052 1308 3114 metuentes.
1333 3049 1372 3112 ad
1434 3063 1452 3116 c

230 3153 463 3236 generationem
488 3171 572 3234 ergo,
598 3171 658 3215 non
684 3151 722 3216 ad
743 3153 979 3218 successionem
1003 3153 1165 3218 referenda
1189 3157 1238 3218 est
1261 3173 1373 3238 conpa·
1390 3185 1415 3224 ,ὁ

229 3259 308 3323 ratio
332 3259 522 3340 uiperarum.
544 3261 599 3321 aut
617 3258 751 3322 fortasse
771 3258 857 3323 iuxta
877 3259 961 3341 quod
981 3260 1133 3342 scripturn
1159 3263 1222 3324 est:
1248 3261 1372 3324 estote

230 3365 434 3448 prudentes
459 3364 560 3430 sicut
583 3369 777 3446 serpentes
803 3365 1012 3430 ostenduntur
1035 3365 1149 3430 habere
1173 3366 1372 3448 prudentiam

231 3473 416 3548 naturalem,
449 3471 501 3554 qui
533 3471 698 3554 profutura
730 3471 859 3538 uideant
891 3477 923 3536 et
955 3475 1067 3554 sponte
1098 3473 1279 3555 deposcant,
1318 3472 1373 3537 sed

167 3578 334 3646 teodone
362 3577 454 3642 nonio
480 3598 541 3642 non
569 3578 757 3659 relinquant.
795 3581 827 3643 et
853 3578 923 3642 ideo
958 3578 1165 3644 admouentur
1197 3579 1371 3644 claritatem

321 3820 414 3874 aron.
434 3823 461 3890 4,
480 3821 514 3875 ar
579 3822 671 3876 ann.
693 3823 716 3890 1,
736 3823 770 3875 aa
789 3839 829 3892 sq.
897 3821 1090 3892 eunuco
1159 3823 1191 3876 ra
1210 3823 1274 3876 nuc.
1297 3824 1319 3892 1,
1339 3825 1372 3878 oi

232 3911 266 3965 so
285 3910 383 3964 nacon.
405 3910 446 3978 ro,
467 3911 499 3966 1c

268 4034 482 4088 taduecticiem
500 4033 552 4087 PL
570 4031 751 4088 aduenticium
772 4039 819 4089 cet.
892 4035 1074 4104 praesbituros
1093 4037 1117 4102 (s
1135 4034 1258 4100 eras.)P
1310 4035 1374 4090 Set

232 4123 384 4194 ideoEpT
447 4124 479 4177 10
498 4123 569 4178 saP
634 4125 665 4178 16
684 4123 811 4176 abraham
832 4127 874 4177 est
891 4123 954 4190 ET,
974 4127 1016 4178 est
1034 4139 1084 4178 cnr.
1105 4141 1122 4174 α
1177 4124 1209 4176 19
1227 4123 1302 4180 uario
1321 4123 1374 4178 PL

267 4213 421 4282 serpentino
440 4230 458 4282 χ
566 4211 600 4266 20
620 4211 795 4280 cogitationis
813 4212 845 4264 X
946 4213 980 4266 23
999 4215 1031 4264 ut
1049 4211 1156 4282 gerant]
1177 4211 1300 4266 uicerant
1317 4211 1375 4266 ΒΧ

267 4301 437 4371 paenitentia
454 4301 485 4352 X
537 4299 572 4354 28
592 4299 651 4369 sed]
672 4305 698 4353 et
717 4300 821 4372 ΕγΤΧ
