3044 4930
216 427 256 491 78
685 421 881 474 Ambrosii

215 620 248 694 et
269 615 340 682 ideo
359 617 501 699 plerique
521 618 630 681 saneto
648 615 779 680 Iohanni
799 617 911 699 typum
928 615 1009 700 legis
1028 615 1191 697 inponunt,
1217 633 1253 678 eo
1273 613 1359 696 quod
1422 633 1443 687 Ε

214 725 262 789 lex
272 727 439 807 peecatum
450 723 631 787 denuntiare
641 723 756 806 potuit,
768 722 881 786 donare
892 741 951 786 non
963 722 1082 804 potuit;
1093 723 1141 785 lex
1153 721 1233 784 enirn
1246 739 1359 784 unum·

216 849 383 913 quemque,
408 829 463 911 qui
495 829 580 892 uiam
614 829 757 911 gentium
790 827 991 908 sequebatur,
1014 832 1143 892 renouat
1175 827 1212 890 ab
1246 845 1358 904 errore,

214 935 409 1020 restringite
423 935 563 1011 erimine,
574 933 797 1016 paenitentiam
814 933 937 1010 suadet,
948 935 985 997 ut
994 934 1126 1018 gratiam
1138 935 1358 1016 consequatur.

214 1041 791 1124 laxantematprnphetaeusque
808 1039 1358 1116 aulonannem‚10hannesautem
1392 1063 1404 1102 s

215 1148 420 1232 praenuntius
437 1147 565 1212 Christi.
581 1148 626 1210 ita
640 1148 690 1212 len
705 1147 858 1212 ecelesiae
875 1148 1060 1230 praenuntia
1075 1151 1108 1211 et
1122 1147 1240 1232 gratiae
1255 1147 1360 1230 paeni-

216 1253 316 1318 tentia
339 1258 396 1319 est.
425 1254 503 1318 hene
528 1254 634 1336 itaque
659 1257 785 1317 sanatus
810 1254 911 1317 Lucas
936 1253 1109 1334 conpendio
1133 1271 1211 1317 usus
1236 1255 1295 1330 est,
1323 1253 1361 1317 ut

215 1360 386 1424 Iohannem
411 1359 584 1425 declararet
605 1360 791 1441 prophetam
816 1359 922 1423 dicens
946 1360 1065 1424 factum
1086 1379 1155 1424 esse
1174 1379 1271 1441 super
1288 1377 1360 1423 eum

217 1467 268 1532 dei
290 1467 434 1535 uerbum.
468 1468 529 1530 alia
552 1485 613 1530 non
641 1465 782 1543 adderem
817 1467 924 1530 nullus
953 1467 1036 1530 enim
1065 1469 1138 1550 eget
1165 1457 1281 1530 inditio
1311 1465 1361 1528 sni
1423 1469 1443 1522 F

217 1573 270 1656 qui
294 1572 390 1637 uerbo
415 1573 466 1636 dei
489 1573 637 1638 abundat.
661 1593 759 1636 unum
778 1573 886 1655 itaque
906 1573 984 1636 dixit
1003 1575 1035 1636 et
1054 1573 1159 1636 omnia
1176 1571 1360 1636 deelareuit.
1379 1593 1405 1633 no

151 1679 192 1744 69
218 1685 250 1744 at
273 1697 348 1744 uero
373 1683 502 1744 sanetus
526 1679 710 1744 Matthaeus
734 1683 766 1743 et
789 1679 917 1744 Marcus
942 1683 975 1742 et
996 1679 1118 1743 uestitu
1142 1683 1175 1743 et
1200 1679 1305 1743 einetu
1329 1681 1362 1742 et

219 1787 288 1850 eibo
308 1787 494 1869 prophetam
514 1785 671 1850 declarare
689 1787 870 1866 uoluerunt,
896 1805 931 1850 eo
952 1785 1036 1868 qnod
1055 1787 1209 1849 uestitum
1230 1785 1268 1849 de
1287 1785 1361 1868 pilis

219 1893 423 1958 camellorum
452 1893 565 1957 habuit
592 1897 625 1958 et
655 1913 765 1959 zonam
797 1893 955 1975 pelliciam
989 1912 1084 1976 snper
1115 1893 1242 1957 lumbes
1275 1911 1362 1969 snos,
1408 1891 1506 1952 lutet

217 2001 361 2066 lucrrstas
394 2003 501 2064 autem
534 2003 566 2064 et
597 2001 661 2063 mel
694 1997 840 2063 siluestre
879 2000 1000 2063 edebat.
1039 2000 1242 2082 praenuntius
1280 1999 1361 2063 enim

219 2106 337 2173 Christi
360 2126 420 2171 non
449 2105 630 2188 patiebatur
651 2106 871 2170 inmundarum
900 2107 1002 2189 perire
1030 2108 1159 2171 exuuias
1186 2106 1360 2170 bestiarum
1380 2127 1406 2168 re

218 2214 286 2296 ipso
312 2233 437 2296 quoque
461 2214 600 2278 uestitus
623 2211 740 2276 indicio
765 2213 935 2296 designans
961 2211 1123 2277 Christum
1152 2233 1223 2277 esse
1250 2217 1362 2278 uentu-

217 2339 299 2398 rum,
319 2321 374 2402 qui
392 2319 521 2384 beluina
537 2319 721 2400 inluuieque
742 2322 887 2383 contexta
900 2338 955 2400 pro
970 2323 1147 2384 nostrornm
1165 2319 1363 2383 deformitate

220 2427 403 2491 meritorum
437 2424 626 2510 gentilitatis
658 2426 826 2490 inmundae
858 2431 988 2508 peecata
1025 2426 1203 2509 snrscipiens
1239 2426 1269 2490 in
1307 2426 1362 2490 illo

154 2534 195 2596 70
219 2537 348 2614 tropaeo
372 2533 475 2597 erneis
500 2532 618 2597 arnietu
643 2532 778 2614 quodam
804 2551 837 2596 se
861 2537 986 2596 nostrae
1006 2533 1107 2596 earnis
1127 2537 1262 2597 exueret.
1287 2533 1363 2615 quid

222 2645 327 2704 autern
353 2639 413 2704 sibi
437 2639 509 2702 uult
536 2639 660 2704 binetus
689 2659 785 2703 nonae
812 2641 957 2720 pelliciae
986 2640 1047 2704 nisi
1077 2640 1160 2722 quod
1189 2659 1260 2705 aare
1289 2641 1362 2718 ista,
1382 2641 1445 2697 roB

221 2765 301 2828 quae
332 2749 469 2810 mentem
498 2746 585 2828 prius
615 2764 745 2828 greuare
762 2749 992 2824 ”eonsueuerat
1027 2765 1062 2810 ea
1091 2751 1165 2831 post
1191 2747 1362 2812 aduentum

222 2852 339 2917 domini
359 2871 419 2916 non
439 2851 654 2934 inpedimento
674 2851 874 2932 cespitasse,
890 2853 946 2918 sed
962 2853 1110 2939 singulo?
1126 2873 1161 2918 ea
1178 2853 1261 2936 quod
1278 2855 1365 2918 iuxta

221 2958 326 3024 Dauid
349 2957 384 3020 iu
410 2957 596 3021 salicibus
621 2976 757 3041 organa
780 2962 910 3022 nostra
934 2959 1202 3040 suspendimus
1227 2967 1259 3024 et
1277 2960 1363 3024 iuxta

311 3132 423 3188 asom.
442 3133 467 3200 3,
487 3132 521 3186 20
585 3131 683 3187 5Luc.
706 3133 799 3200 16,16
869 3131 934 3184 tel.
954 3131 1012 3186 Gal.
1033 3134 1058 3202 3,
1078 3134 1113 3186 24
1169 3135 1199 3186 ll
1220 3133 1318 3187 blattb.
1338 3133 1363 3201 3,

221 3223 247 3290 4,
266 3221 347 3274 Mare.
369 3220 428 3288 l,6
484 3221 517 3274 23
537 3219 582 3274 Ps.
603 3221 698 3288 136,2

257 3345 489 3400 Breuocebath'
559 3349 711 3414 errore·(m
732 3347 812 3412 erus.)
831 3345 859 3398 P
910 3347 1115 3415 dpaenitentia
1134 3351 1160 3414 (a
1179 3349 1226 3400 2112
1244 3364 1277 3400 em
1295 3347 1365 3415 ulP

257 3431 478 3503 gratiaBEGT
531 3433 607 3486 bien
628 3433 697 3486 enirn
718 3451 735 3484 π
790 3433 877 3502 elei]
897 3433 939 3486 lex
959 3433 1032 3486 atP
1088 3435 1267 3505 paenitentia]
1287 3451 1364 3505 prae-

221 3525 317 3578 nuntia
335 3522 408 3592 EpT
461 3522 576 3591 Ssuper
594 3521 646 3575 PL
665 3539 747 3591 supra
765 3528 811 3576 cet.
867 3523 930 3576 9di
949 3523 1061 3576 uerbum
1074 3523 1170 3577 Palm
1189 3512 1233 3577 dni
1253 3523 1363 3578 uerbum

221 3613 248 3664 B
267 3612 378 3665 uerbum
399 3598 446 3664 dni
468 3610 491 3664 0
510 3611 619 3664 uerbum
640 3610 667 3664 di
687 3616 733 3665 cet.
816 3611 870 3665 aliu
888 3629 942 3664 non
961 3615 987 3680 (a
1006 3629 1059 3664 nun
1078 3612 1109 3664 a'n
1127 3611 1194 3682 raa.)
1213 3613 1240 3666 P
1337 3617 1365 3667 et

221 3705 253 3770 (s.
271 3701 310 3767 u.)
329 3701 383 3754 elia
407 3699 433 3752 V
491 3701 523 3754 13
543 3700 715 3754 camellorum
736 3701 757 3766 (l
771 3717 817 3768 pr.
837 3703 918 3767 erae.)
937 3702 964 3753 P
981 3701 1147 3754 camillorum
1166 3721 1183 3752 π
1203 3702 1364 3756 camelorum

221 3795 268 3843 cet.
326 3791 359 3843 14
376 3789 498 3842 lucustas
519 3789 631 3842 Pm113
649 3789 724 3842 lucas
747 3789 905 3844 Clocustas
923 3789 1005 3842 Pus
1023 3795 1070 3844 cet.
1157 3790 1309 3844 siluestrern
1329 3794 1364 3858 (m

221 3879 301 3946 eras.)
324 3877 383 3946 OV,
402 3883 437 3946 (nn
458 3879 528 3946 exp.)
546 3879 592 3932 Fu
685 3879 715 3931 17
735 3877 846 3932 beluina
865 3879 966 3949 inluuie
986 3882 1047 3946 (em.
1068 3879 1131 3949 que)
1152 3879 1178 3933 G
1196 3879 1307 3934 beluina
1323 3881 1365 3932 in·

221 3967 294 4020 luuie
314 3971 369 4036 etp
388 3966 500 4020 beluina
518 3966 660 4020 innluui-e·
680 3971 716 4034 (g,
736 3983 759 4034 a,
779 3984 804 4036 q·
824 3969 905 4033 eras.)
923 3968 953 4022 E
969 3968 1080 4022 beluina.
1097 3967 1209 4039 induuip
1228 3969 1321 4039 (dunis
1335 3968 1365 4021 in

220 4059 289 4120 ras.)
308 4071 375 4124 quae
395 4055 523 4124 (beluinis
542 4055 661 4109 iuduuiis
681 4073 749 4124 quae
768 4059 816 4110 m2
834 4063 858 4110 et
877 4073 941 4110 mom
958 4063 1022 4110 sunt
1040 4060 1087 4110 m2
1104 4057 1137 4111 in
1154 4073 1205 4127 ηιμ.
1220 4063 1285 4126 poet
1303 4073 1364 4111 eon·

222 4145 306 4210 terta)
324 4144 360 4211 F,
382 4144 505 4198 beluinas
529 4147 569 4212 (ae
588 4148 635 4198 m2
653 4162 686 4198 ex
705 4147 730 4212 a)
752 4145 880 4200 induuias
903 4145 931 4214 (d
949 4151 974 4198 et
993 4163 1022 4198 as
1040 4147 1072 4198 in
1090 4162 1146 4200 rua.
1164 4148 1222 4212 nr2)
1247 4163 1315 4214 quaa
1334 4151 1364 4216 (s.

223 4235 300 4302 quasi
318 4235 374 4300 aad)
394 4237 419 4287 et
436 4250 501 4286 moa
519 4236 658 4287 conitentes
677 4237 716 4302 (aa
735 4233 766 4286 in
784 4249 841 4288 ras.
861 4237 917 4302 m2)
937 4235 962 4287 V
996 4235 1029 4288 20
1049 4235 1111 4288 uult
1124 4251 1175 4289 om.
1190 4235 1218 4288 P
1252 4237 1285 4289 21
1302 4251 1364 4289 cou-

222 4325 313 4375 suerst
331 4322 389 4374 BV
441 4325 476 4376 22
496 4322 633 4392 cingulum
654 4339 671 4372 α
752 4339 783 4376 eo
804 4321 876 4392 qnod
896 4341 912 4374 a
931 4323 1036 4377 scilieet
1054 4325 1108 4378 PL
1128 4343 1158 4378 eo
1179 4324 1251 4394 quod
1271 4327 1299 4378 et
1317 4329 1364 4378 cel.
