3042 4918
606 461 815 514 Praefatio.
1249 463 1277 527 V

137 657 309 740 eodemque
342 655 503 720 enuntiato
531 655 683 720 librorum
711 657 903 720 mentionem
934 660 965 720 et
993 657 1277 738 compellationem,

136 783 214 844 quae
239 762 372 828 oratoris
397 766 454 842 est,
478 762 660 826 consociari.

180 868 241 934 Sed
256 870 334 934 haec
353 870 474 934 leuiora
493 873 578 934 suut.
598 873 631 932 at
649 871 753 932 totum
771 868 888 932 librum
907 870 1038 934 tertium
1057 871 1095 934 ab
1111 871 1277 935 Ambrosio

137 995 194 1040 non
223 995 259 1040 er
289 975 486 1040 sermonibus
517 975 592 1039 olim
621 975 653 1038 in
682 975 816 1039 ecclesia
843 975 961 1040 habitis
985 977 1198 1060 compositum
1222 976 1279 1041 sed

135 1082 277 1146 libellum
294 1101 364 1147 esse
383 1082 542 1146 lucarnam
558 1082 693 1146 olentem
711 1087 743 1145 et
757 1081 842 1146 domi
859 1083 1079 1148 elucubratum
1099 1085 1279 1166 chartisque

135 1189 317 1253 mandatum
342 1207 402 1252 uon
426 1189 528 1253 scium
547 1189 681 1254 materia
699 1207 756 1254 nos
777 1190 889 1255 edocet
907 1190 994 1255 arida
1013 1193 1045 1255 et
1064 1211 1082 1254 a
1100 1191 1280 1274 praedican-

136 1297 217 1360 tium
245 1315 308 1360 usu
337 1297 438 1360 aliena
466 1296 522 1360 sod
551 1295 644 1360 etiam
674 1314 734 1360 uox
761 1296 817 1360 illa
844 1295 945 1376 frater
968 1297 1024 1375 111,
1054 1301 1096 1362 50
1121 1297 1209 1380 (137,
1235 1301 1279 1385 7),

138 1423 230 1485 quam
254 1423 317 1466 una
341 1421 413 1466 cum
436 1403 536 1466 totius
559 1401 633 1467 libri
652 1407 836 1486 argumento
857 1423 892 1467 ex
911 1404 1040 1468 Eusebii
1060 1404 1280 1472 caesareensis

137 1510 216 1574 libro
251 1510 306 1590 qni
336 1509 519 1574 inscribitur·
549 1511 616 1592 περὶ
646 1517 700 1593 τῆς
730 1517 788 1570 τῶν
826 1505 1003 1589 εὐαγγελίων
1032 1508 1195 1597 διαφωνίας
1228 1513 1279 1578 de-

138 1615 335 1699 prompsit⁶).
346 1635 381 1680 er
396 1615 506 1680 eodem
517 1615 602 1680 sonte
613 1615 769 1679 fluxerunt
783 1635 863 1698 quaa
877 1615 908 1678 in
922 1615 1034 1680 iibriX
1049 1637 1092 1683 ss.
1107 1619 1280 1684 147-184

138 1723 175 1787 ab
199 1722 369 1787 Ambrosio
401 1722 669 1804 p1·0fe1·untur‚et
700 1721 771 1804 ipsa
803 1725 887 1786 certa
919 1742 1029 1804 parum
1057 1723 1169 1790 idonea
1202 1747 1281 1808 quae

139 1829 250 1894 diebus
276 1828 442 1893 dominicis
467 1847 571 1892 coram
594 1828 712 1910 populo
736 1827 862 1892 indocto
886 1832 1070 1894 tractentur.
1100 1852 1179 1914 quae
1208 1853 1279 1898 cum

138 1935 184 2000 ita
211 1937 287 2013 sint,
314 1937 378 2000 iam
405 1935 485 1999 nihil
513 1934 599 1999 aliud
627 1939 726 1999 restat
748 1935 809 1999 nisi
833 1939 870 1999 ut
893 1939 1072 2003 statuamus
1096 1940 1280 2022 episcopum

139 2041 236 2106 libros
268 2041 341 2106 illos
370 2041 500 2106 Eusebii
532 2059 590 2106 suo
623 2061 709 2106 more
741 2041 840 2106 latino
872 2062 1014 2107 sermone
1042 2044 1281 2128 interpretatum

140 2167 209 2213 esse
234 2168 270 2213 eo
295 2148 427 2213 consilio
452 2150 489 2212 ut
511 2147 580 2211 uiro
605 2147 731 2211 cuidam
755 2147 970 2213 ecclesiastico
995 2150 1111 2214 donum
1131 2153 1281 2231 mitteret,

139 2260 249 2339 postea
272 2273 358 2332 uero,
382 2275 454 2320 cum
477 2254 509 2318 in
533 2255 636 2318 Lucas
661 2255 854 2337 expositione
877 2256 1075 2320 retractanda
1102 2265 1283 2324 uersaretur

140 2367 260 2427 mutato
286 2362 429 2451 consilio·
443 2363 633 2444 opusculum
656 2361 736 2425 illud
760 2381 842 2426 nouo
866 2362 946 2426 libro
970 2361 1152 2431 inseruisse.

692 2590 734 2654 ΙΙ.

184 2717 229 2779 Ea
258 2733 337 2797 quae
364 2713 458 2778 modo
488 2714 722 2797 disputauimus
751 2714 781 2777 in
814 2719 993 2796 temporum
1026 2715 1202 2782 rationibus
1236 2737 1283 2782 eu-

141 2821 310 2906 plorandis.
340 2821 379 2885 ad
408 2841 502 2904 quam
532 2821 748 2904 quaestionem
778 2821 972 2884 tractandam
1001 2821 1065 2885 iam
1093 2824 1282 2901 accedimus,

141 2947 198 2992 non
232 2927 428 3012 neglegenda
461 2947 530 2990 esse
559 2927 697 3010 adparet.
726 2927 843 2990 etenim
872 2926 899 2990 si
927 2931 1054 2991 constat
1080 2929 1282 2994 Ambrosium

141 3052 211 3099 cum
252 3035 369 3097 librum
412 3034 612 3099 concinnaret
652 3033 866 3097 additamenta
908 3035 1059 3114 quaedam
1101 3036 1283 3112 inseruisse,

140 3145 317 3223 temporum
350 3140 487 3220 indiciis,
512 3160 591 3223 quae
622 3140 654 3203 in
683 3139 840 3204 eiusmodi
867 3139 946 3204 locis
974 3139 1093 3218 insunt,
1123 3143 1224 3224 operis
1252 3143 1283 3206 in

139 3249 242 3313 lucem
277 3248 364 3326 editi,
393 3267 454 3311 uon
483 3267 662 3311 sermonum
697 3247 736 3310 ad
763 3247 915 3330 populum
945 3247 1123 3311 habitorum
1157 3253 1283 3332 tempus

139 3355 318 3420 accuratius
352 3353 474 3418 definiri
506 3357 750 3418 consentaneum
780 3357 839 3420 est.
868 3357 1029 3434 praeterea
1057 3355 1182 3420 etiamsi
1216 3375 1285 3421 con-

22 3492 26 3508 ·
139 3464 237 3526 staret
264 3463 353 3526 locos
380 3461 463 3538 illos,
493 3460 608 3541 quibus
637 3459 676 3524 ad
712 3460 809 3524 libros
847 3459 884 3523 da
924 3459 1031 3524 uiduis
1064 3480 1091 3524 a.
1123 3461 1188 3526 iare
1220 3462 1284 3528 378

138 3567 240 3632 editos
262 3567 312 3648 (ci.
331 3567 372 3641 ΙΙ,
393 3568 449 3642 62;
466 3566 540 3644 IIII,
560 3567 613 3643 48,
634 3567 690 3642 50;
710 3566 739 3629 Χ
759 3567 800 3642 6),
822 3565 860 3628 ad
879 3565 1023 3630 libellum
1046 3565 1083 3629 de
1103 3568 1286 3650 uirginitate

137 3673 222 3738 haud
246 3674 349 3737 multo
374 3675 448 3755 post
471 3673 625 3755 scriptum
649 3674 701 3752 (cf.
728 3672 797 3750 VII,
820 3673 905 3752 127),
931 3671 969 3735 ad
993 3671 1090 3736 libros
1110 3673 1157 3738 Ill
1176 3673 1286 3738 IIIIV

138 3779 175 3843 de
203 3779 266 3843 fide
296 3777 405 3842 eodem
433 3777 497 3842 fere
524 3783 668 3862 tempore
697 3779 857 3843 confectos
886 3777 939 3857 (cf.
968 3777 1202 3854 111,32;V11.
1229 3783 1285 3856 68;

16 3953 19 3960 ,
139 3885 226 3960 VIII,
253 3887 317 3966 95),
342 3885 475 3966 denique
501 3885 538 3948 ad
562 3885 661 3950 libros
686 3885 723 3948 de
748 3884 861 3967 spiritu
887 3889 1006 3962 sancto,
1027 3885 1081 3967 qui
1100 3907 1127 3950 a.
1148 3888 1209 3951 381
1237 3887 1288 3950 ad-

137 3993 235 4056 tribui
271 3993 376 4056 solent
407 3991 459 4072 (ci.
494 3991 547 4070 VI,
581 3993 646 4073 31),
679 3995 818 4070 reuocat,
850 3991 912 4055 iam
945 3991 977 4054 in
1012 3993 1209 4057 sermonibus
1248 3994 1286 4058 ab

179 4200 200 4266 6)
223 4198 265 4256 Cf.
282 4201 408 4268 excerpta
422 4198 533 4252 Eusebii
547 4199 575 4252 in
590 4199 645 4252 urai
660 4199 754 4253 Nouae
769 4205 875 4270 patmm
891 4199 955 4253 bibl.
973 4199 1026 4255 uol.
1041 4199 1098 4253 1111
1113 4218 1138 4270 p.
1154 4201 1207 4255 218
1226 4219 1283 4272 sqq.

136 4289 217 4342 edita.
238 4288 278 4342 ibi
297 4305 323 4356 p.
343 4287 405 4355 254,
424 4287 457 4340 27
479 4287 545 4341 haec
569 4288 708 4358 leguntur:
731 4288 813 4342 ταῦτά
832 4309 872 4342 cca
889 4289 918 4351 ie
937 4289 1021 4360 ἡμῶν,
1043 4287 1166 4359 ἱερώτατε
1186 4289 1286 4360 ἀνδρῶν

136 4377 179 4428 καὶ
198 4375 392 4448 φιλοπονώτατε
412 4373 448 4427 υἱὲ
469 4374 592 4448 Eripere,
611 4377 721 4450 γνησίας
741 4373 803 4429 ὄντα
822 4377 945 4448 δείγματα
963 4376 1108 4438 διαθέσεως
1129 4376 1287 4430 ἀνακείσθω·
