3112 4936
297 435 436 506 Expositio
456 435 591 505 euangelii
610 433 699 490 Lucae
717 433 741 487 V
760 435 864 489 87-91
885 437 966 503 (1376
985 435 1115 490 B-llll‘l
1135 437 1177 502 Δ).
1251 437 1315 503 217

168 632 298 698 uiduam
322 631 512 714 populomm
535 630 629 694 turbe
652 633 794 713 saeptam
813 631 886 711 plus
905 630 1006 694 uideri
1026 651 1095 696 esse
1114 651 1209 714 quam
1228 632 1317 696 femi·
1369 645 1372 652 '

168 757 252 806 nam.
283 755 362 820 quae
388 738 651 802 resurrectionem
675 737 761 801 unici
785 736 998 801 adulescentis
1021 737 1078 802 filii
1104 739 1154 802 sui
1177 739 1317 803 lacrimis

167 845 320 910 meruerit
342 845 508 927 inpetrare,
533 863 569 908 eo
595 843 678 926 qnod
703 848 812 908 sancta
835 843 970 909 ecclesia
989 845 1142 928 populum
1161 843 1317 910 iuniorem

168 972 187 1016 e
218 970 334 1034 pompa
366 951 484 1015 lunens
517 955 612 1032 atque
647 950 804 1033 supremis
837 949 999 1033 sepulchri
1031 969 1160 1015 suarum
1188 955 1358 1016 reuocetll

135 1059 207 1123 ead
240 1059 340 1122 uitam
374 1057 639 1141 contemplatione
670 1057 883 1131 lacrimamm,
917 1075 997 1139 quae
1028 1057 1102 1122 ltere
1135 1057 1321 1141 prohibetur

50 1166 99 1228 90
169 1186 241 1231 eum
267 1166 317 1230 cni
341 1165 528 1230 resurrectio
553 1165 715 1230 debeatur.
744 1165 799 1246 qui
828 1165 955 1247 quidem
979 1167 1125 1229 mortuus
1152 1165 1184 1228 iu
1212 1165 1318 1231 loculo

168 1271 388 1338 materialibus
413 1274 563 1354 quattuor
586 1271 624 1335 od
649 1271 852 1354 sepulchmm
877 1271 1038 1336 ferebatur
1061 1271 1235 1352 elementis,
1263 1271 1319 1336 sed

170 1397 259 1461 spem
283 1378 468 1462 resurgendi
494 1377 639 1454 babebat
669 1378 743 1459 qnia
771 1378 930 1444 ferebatur
957 1378 990 1442 in
1017 1379 1116 1462 liguo.
1145 1378 1229 1461 quod
1258 1379 1320 1443 etsi

169 1485 261 1550 nobis
290 1489 361 1548 ante
390 1503 451 1549 non
478 1483 634 1566 proderat.
663 1487 769 1548 temen
798 1487 1004 1566 posteaquam
1029 1486 1119 1550 Iesus
1144 1484 1177 1548 id
1200 1485 1319 1569 tetigit,

126 1617 153 1658 ro
169 1591 320 1675 proficere
344 1591 449 1672 coepit
472 1590 511 1654 ad
534 1591 645 1670 uitam,
666 1593 703 1654 ut
722 1595 807 1655 esset
825 1591 942 1656 indicio
967 1591 1102 1656 salutem
1128 1593 1245 1675 populo
1264 1611 1321 1676 per

171 1697 275 1762 crucis
301 1697 481 1780 patibulum
508 1697 745 1762 refundendam.
775 1698 884 1763 audito
907 1697 1008 1782 igitur
1030 1698 1081 1762 dei
1103 1699 1201 1763 uerbo
1226 1703 1360 1766 stete-F

170 1807 244 1868 mnt
286 1804 390 1868 acerbi
430 1805 479 1868 illi
520 1804 640 1869 funeris
681 1805 862 1886 portitores,
899 1806 955 1887 qui
991 1823 1104 1888 corpus
1145 1805 1320 1871 humanum

170 1911 259 1976 letali
282 1911 367 1974 fluxu
391 1915 521 1976 naturae
545 1911 718 1976 materialis
742 1911 929 1993 urguebant.
955 1911 1031 1993 quid
1051 1912 1134 1977 enim
1153 1912 1240 1976 aliud
1260 1913 1321 1977 uisi

172 2017 264 2100 quasi
287 2017 319 2081 in
343 2017 480 2100 quodam
504 2017 628 2095 feretro,
653 2018 713 2082 hoc
737 2025 786 2082 est
809 2017 947 2098 supremi
971 2017 1090 2082 iteneris
1109 2017 1320 2083 instrumento

127 2151 153 2192 re
170 2125 313 2188 iacemus
337 2123 507 2200 exanimes,
533 2143 606 2188 oum
629 2123 682 2188 nel
705 2123 789 2207 ignis
816 2123 995 2188 inmodicae
1023 2123 1207 2205 cupiditatis
1235 2143 1321 2188 eree-

173 2233 261 2296 stuat
288 2229 340 2294 nel
368 2229 503 2313 frigidus
531 2249 624 2294 umor
650 2230 786 2294 exundet
812 2230 864 2294 uel
891 2231 982 2314 pigre
1013 2229 1148 2312 quedam
1181 2229 1321 2312 corporis

172 2337 357 2401 habitudine
381 2337 473 2420 uigor
496 2337 663 2402 hebetetur
686 2338 861 2402 enimomm
885 2335 939 2401 uel
962 2340 1108 2401 concrete
1129 2341 1237 2400 noster
1260 2337 1322 2418 spi-

172 2445 254 2509 ritus
283 2445 353 2508 labe
382 2465 478 2527 purae
505 2445 588 2509 lucis
612 2463 735 2509 uacuus
768 2445 826 2508 alit
857 2447 1017 2508 mentem?
1050 2443 1083 2506 hi
1116 2446 1192 2508 sunt
1223 2443 1322 2508 nostri

172 2551 292 2616 funeris
316 2552 494 2633 portitores
1140 2559 1144 2567 '

56 2661 100 2724 91
127 2683 155 2722 so
220 2655 281 2722 Sed
304 2657 451 2740 quemuis
475 2676 622 2742 suprema
645 2657 758 2722 mortis
782 2675 872 2740 spem
895 2657 981 2721 uites
1006 2656 1108 2722 omnis
1127 2656 1323 2720 eboleuerint

175 2767 208 2828 et
229 2766 354 2828 tumulo
378 2764 519 2847 proxime
542 2783 673 2847 corpore
694 2764 818 2828 iaceant
841 2764 1071 2839 defunctorum,
1096 2761 1192 2827 uerbo
1216 2766 1322 2827 tamen

175 2871 226 2936 dei
245 2871 307 2935 iam
327 2871 477 2936 moriture
498 2873 671 2954 resurgunt
690 2871 853 2936 cadauera.
878 2889 938 2934 uox
961 2869 1053 2942 redit,
1077 2869 1219 2934 redditur
1236 2867 1322 2933 filius
1343 2882 1412 2936 1377
1432 2883 1455 2934 A

173 2977 278 3054 metri,
301 2981 470 3042 reuocetur
493 2997 511 3041 a
533 2977 670 3057 tumulo,
695 2977 827 3058 eripitur
850 2997 868 3040 a
891 2977 1068 3059 sepulchro.
1094 2977 1165 3058 quis
1188 2976 1250 3039 iste
1275 2979 1323 3039 est

174 3086 319 3149 tumulus
350 3089 425 3149 tuns
459 3085 520 3149 nisi
553 3085 628 3149 meli
662 3088 786 3149 mores?
820 3085 965 3149 tumulus
995 3087 1072 3148 tuus
1105 3082 1235 3166 perfidia
1263 3087 1322 3158 est,

129 3192 379 3275 eesepulchrum
406 3196 499 3257 tuum
528 3196 640 3276 guttur
668 3197 733 3266 est;
768 3191 1029 3275 sepulchrum
1062 3190 1144 3254 enim
1178 3193 1322 3271 patens

176 3302 239 3363 est
262 3303 406 3382 guttur
429 3318 573 3374 eorum,
598 3297 680 3364 unde
703 3298 800 3362 uerba
823 3301 949 3362 mortua
965 3296 1175 3378 proferuntur.
1201 3295 1240 3358 ab
1264 3294 1324 3358 hoc

174 3403 344 3488 sepulchro
376 3408 408 3469 te
440 3405 553 3469 liberat
586 3403 743 3480 Christus,
777 3403 814 3467 ab
848 3403 907 3468 hoo
940 3403 1064 3467 tumulo
1101 3419 1258 3484 resurges
1296 3401 1324 3465 si

265 3595 365 3650 ecee.
384 3595 428 3663 aa,
448 3595 482 3649 es
538 3596 572 3648 25
591 3595 636 3648 1³2.
657 3597 681 3662 s,
703 3593 736 3648 1o

212 3722 228 3774 2
249 3721 294 3789 qui
314 3721 365 3774 PL
425 3719 607 3774 adulescentie
626 3723 651 3788 (e
667 3737 713 3788 pr.
733 3737 766 3774 ee:
784 3720 793 3772 i
811 3721 869 3784 m2)
888 3719 915 3772 P
974 3718 1038 3772 lilii»
1052 3721 1075 3784 (s
1094 3719 1176 3782 erae.)
1195 3716 1222 3770 P
1240 3715 1278 3769 fili
1297 3715 1327 3769 F

175 3815 201 3864 et
220 3814 278 3878 (7112
295 3809 399 3875 filino
471 3809 527 3862 suis
546 3809 613 3876 P(s
634 3809 682 3862 alt.
703 3813 782 3874 erae.)
801 3807 844 3878 Lp
900 3808 1035 3861 3mcruit
1052 3805 1106 3859 PL
1159 3809 1323 3874 desupre·

175 3898 323 3953 mieBCX
378 3897 538 3968 supremiB
573 3899 670 3950 deum
691 3897 745 3966 oni]
767 3913 826 3950 cum
846 3896 888 3950 oui
907 3896 1023 3962 P(cum
1043 3895 1142 3960 eim2)
1161 3892 1187 3946 L
1242 3893 1324 3946 debe-

175 3989 257 4043 batur
284 3987 337 4041 ΟΧ
357 3987 384 4053 (b
410 3987 458 4041 ull.
482 4001 504 4040 e.
527 4003 555 4040 u.
580 3986 616 4054 V)
725 3989 845 4039 mortuos
869 3989 895 4052 (v
914 4001 935 4040 e.
956 4001 971 4037 o
992 3984 1052 4050 alt.)
1075 3985 1142 4052 (md)
1160 3983 1195 4050 P,
1213 3985 1279 4050 (τηῖ)
1298 3981 1325 4034 L

177 4073 338 4130 rnnPL
392 4075 493 4144 dquia
511 4075 529 4142 (i
549 4091 570 4128 e.
589 4074 674 4140 aalP
729 4074 762 4126 12
782 4072 871 4126 ecerbi
891 4073 919 4136 (b
939 4071 1128 4138 ccnm2lP
1179 4071 1254 4124 illius
1272 4069 1325 4123 PL

177 4167 210 4220 17
230 4164 407 4218 habimdine.
421 4167 457 4232 (m
477 4167 559 4230 cras.)
577 4163 605 4216 P
705 4163 736 4216 18
756 4161 795 4215 hii
815 4163 835 4228 (i
855 4162 904 4215 all.
924 4163 1005 4228 erae)
1023 4161 1051 4214 P
1134 4161 1169 4214 20
1188 4177 1280 4213 omnes
1299 4159 1326 4212 P

176 4254 225 4324 (-is
243 4255 300 4321 md)
318 4252 428 4308 BFLO
446 4253 532 4306 omnia
552 4253 572 4320 (i
590 4253 621 4306 in
639 4253 707 4318 ras.)
732 4251 758 4302 V
774 4257 851 4304 omne
869 4269 887 4302 π
941 4251 976 4302 22
995 4248 1077 4318 redit]
1098 4250 1150 4302 erit
1164 4248 1216 4301 PL
1235 4247 1324 4302 reddit

177 4341 205 4410 (d
219 4359 265 4412 pr.
284 4343 354 4411 acp.)
374 4359 400 4410 π,
419 4343 511 4408 (erue.)
535 4341 561 4392 V
614 4342 647 4395 26
667 4339 750 4393 uerba
769 4355 820 4392 om.
839 4338 892 4392 PL
