3042 4918
236 448 277 509 22
706 444 903 500 Ambrosii

171 635 211 698 18
236 639 311 720 quia
338 639 401 703 iam
430 659 490 703 uon
518 643 640 721 peccat,
665 639 701 702 fit
729 644 765 704 ut
792 639 985 704 inmaculata
1013 639 1170 704 uideatur.
1195 660 1253 705 nec
1278 641 1381 705 otiose

237 745 371 810 iustos
404 749 476 810 ante
510 745 604 810 deum
638 745 725 824 dixit,
759 745 995 810 incedentes
1029 748 1067 811 in
1101 746 1303 812 mandatis
1343 751 1382 812 et

237 851 624 917 iustificationibus
654 852 815 930 domini,
844 853 875 917 in
901 872 962 934 quo
986 858 1108 936 patrem
1133 853 1381 936 omnipotentem
1433 867 1515 920 aava¹

238 964 269 1022 et
291 957 393 1022 filium
418 959 653 1042 conprehendit.
678 959 780 1024 lilium
805 980 874 1024 esse
899 961 952 1042 qui
971 960 1076 1044 legem
1095 961 1214 1036 tulerit
1235 960 1384 1024 mandata

239 1065 477 1148 praescripserit
513 1066 607 1130 etiam
646 1071 774 1132 sanetus
813 1067 1012 1150 euangelista
1049 1067 1197 1131 declarat.
1235 1071 1267 1131 et
1303 1067 1383 1130 bene
1415 1093 1428 1130 a

239 1174 374 1238 iustos
408 1177 479 1236 ante
513 1172 619 1245 derum
654 1193 715 1237 uon
750 1174 832 1237 enim
866 1174 968 1237 omnis
1003 1173 1055 1255 qui
1091 1174 1195 1238 iustus
1230 1177 1279 1237 est
1311 1177 1383 1238 ante

239 1279 397 1344 hominem
431 1281 537 1344 iustus
571 1283 620 1344 est
652 1286 684 1344 et
716 1285 787 1344 ante
820 1279 924 1346 deum.
958 1280 1050 1342 aliter
1082 1281 1192 1344 uident
1228 1281 1383 1354 hominm,

239 1387 330 1450 aliter
363 1387 452 1464 deus,
484 1388 627 1452 homines
659 1387 690 1450 in
724 1387 815 1459 facie,
849 1387 927 1450 dens
960 1388 991 1450 in
1021 1387 1123 1451 corde.
1154 1391 1186 1451 et
1213 1388 1283 1451 ideo
1317 1386 1384 1450 fieri

240 1499 347 1576 potest
375 1499 411 1559 ut
438 1494 554 1576 aliquis
583 1495 741 1558 adlectata
767 1495 907 1559 bonitate
936 1493 1081 1577 populari
1108 1494 1213 1558 iustus
1239 1495 1385 1558 uideatur

240 1601 328 1678 milri,
354 1601 458 1666 iustus
492 1605 597 1665 autam
631 1605 702 1665 ante
736 1602 830 1665 deum
863 1621 924 1666 non
956 1601 1008 1678 sit,
1038 1603 1064 1666 si
1097 1601 1222 1666 iustitia
1253 1621 1314 1664 non
1349 1620 1386 1663 ex
1407 1627 1431 1665 ιο

241 1707 356 1770 mentis
389 1706 594 1790 simplicitate
626 1708 789 1782 formetur,
824 1708 879 1772 sed
906 1707 1087 1772 adulatione
1116 1707 1298 1782 simuletur;
1333 1707 1385 1771 ab·
1451 1719 1473 1772 Β

242 1811 386 1878 scondita
409 1813 492 1878 enim
516 1813 546 1876 in
572 1833 607 1877 ea
630 1813 725 1877 homo
750 1833 810 1878 non
833 1813 950 1896 poterit
978 1807 1217 1896 deprehendere.
1248 1813 1387 1895 perfecta

241 1919 340 2003 igitur
370 1919 440 1983 laus
473 1924 523 1984 est
555 1924 625 1983 ante
660 1919 751 1984 deum
784 1921 906 1985 iustum
940 1939 1019 1986 esse.
1049 1921 1132 1984 unde
1160 1924 1192 1984 et
1220 1921 1385 2003 apostolus

242 2025 360 2090 cuius
393 2028 483 2091 laus
517 2026 621 2109 inquit
653 2045 724 2092 non
765 2046 806 2091 ex
838 2026 1086 2105 homiuibus,
1122 2026 1190 2091 sed
1224 2047 1264 2091 en
1304 2027 1385 2091 deo.

243 2133 355 2197 beatus
379 2132 471 2216 plane
494 2132 549 2196 ille
574 2133 682 2216 quiin
707 2139 879 2216 conspectu
904 2133 952 2198 dei
978 2135 1084 2198 iustus
1109 2137 1168 2210 est,
1192 2135 1306 2198 boatus
1330 2133 1386 2196 ille
1407 2157 1432 2197 ra

243 2239 280 2303 de
305 2257 366 2321 quo
397 2239 543 2305 dominus
573 2239 721 2324 dignatur
750 2239 866 2304 dicere:
901 2259 992 2305 ecee
1025 2259 1118 2304 uere
1151 2240 1386 2311 Israhelita,

243 2345 280 2410 in
314 2366 388 2428 quo
422 2347 540 2411 dolus
574 2365 646 2410 non
680 2351 757 2420 csta
793 2365 887 2412 uerus
913 2347 996 2411 enim
1024 2347 1191 2412 lsrahelita
1214 2347 1268 2429 qui
1293 2347 1387 2410 deum

243 2453 331 2518 uidet
355 2457 386 2517 et
408 2453 510 2518 uideri
534 2473 567 2516 sa
591 2453 681 2517 nouit
706 2473 723 2516 a
747 2453 804 2517 deo
830 2455 861 2517 et
884 2453 946 2536 ipsi
971 2454 1097 2517 exhibet
1121 2454 1225 2518 cordis
1250 2455 1385 2518 occulta.

245 2562 332 2625 solus
358 2561 439 2624 enim
465 2560 634 2640 perfectior
657 2560 711 2642 qui
731 2560 768 2624 ab
789 2579 825 2623 eo
845 2560 1005 2644 probatur,
1026 2561 1079 2642 qui
1098 2579 1158 2624 non
1178 2563 1286 2643 potest
1304 2560 1387 2636 falli3
1454 2573 1474 2628 c

244 2665 401 2730 indicia
426 2666 508 2729 enim
533 2665 677 2729 domini
702 2685 807 2742 nera,
830 2665 950 2730 iudicia
973 2673 1079 2730 autom
1103 2667 1269 2731 hominum
1295 2685 1435 2750 saepem

246 2774 407 2850 falluntur,
431 2777 467 2837 ut
490 2777 522 2837 et
544 2773 672 2837 iniustis
696 2773 838 2838 iustiliae
858 2773 991 2858 gratiam
1011 2774 1190 2856 frequenter
1208 2773 1390 2838 adscribant

246 2883 278 2944 et
308 2881 428 2944 iustum
463 2887 518 2944 aut
551 2880 623 2944 odio
655 2883 886 2962 persequantur
917 2883 972 2944 aut
1005 2881 1167 2945 mendacio
1201 2879 1389 2944 decolorent.

246 2987 363 3051 nouit
392 2991 497 3051 antem
531 2987 715 3051 dominus
750 2987 1093 3051 inmaeulatorum
1127 2987 1215 3051 uias
1244 3005 1300 3050 nec
1333 3005 1389 3068 pro

245 3098 410 3178 peccatore
456 3093 646 3157 laudabilem
693 3113 750 3158 neo
791 3113 845 3176 pro
889 3093 1041 3158 laudabili
1082 3099 1290 3176 peccatorem,
1334 3092 1391 3156 sed

247 3219 505 3282 unumquemque
537 3220 591 3280 pro
626 3200 862 3281 conpetentium
895 3200 1015 3265 iudicat
1042 3199 1162 3266 ratione
1190 3199 1389 3270 meritorum
1409 3225 1437 3266 sa

246 3305 329 3370 idem
354 3311 404 3371 est
427 3309 509 3370 enim
535 3306 651 3370 arbiter
673 3305 788 3370 mentis
809 3310 841 3369 et
859 3305 944 3370 lacti.
970 3305 1078 3370 diuina
1099 3305 1219 3370 iudicia
1241 3304 1390 3369 meritum

336 3447 352 3500 2
376 3445 452 3498 Rom.
476 3445 501 3512 2,
527 3446 568 3511 13,
594 3445 724 3514 Origenes
743 3444 814 3500 hom.
839 3445 867 3497 in
890 3443 991 3498 Lucam
1014 3443 1041 3496 11
1062 3442 1139 3509 (XIII
1161 3441 1256 3498 robob
1276 3459 1316 3510 aq.
1335 3441 1390 3506 M.)

247 3537 263 3588 4
278 3535 341 3590 Luc.
356 3536 382 3599 6,
396 3535 432 3588 46
446 3550 486 3602 eq.
524 3537 540 3589 5
556 3533 588 3588 el.
604 3531 712 3587 Baedae
728 3550 784 3603 exp.
802 3549 900 3602 oneng.
914 3531 1002 3586 Lucae
1018 3549 1043 3602 p.
1059 3533 1111 3587 310
1122 3549 1138 3585 a
1151 3531 1193 3584 M.
1233 3532 1263 3584 ll
1281 3531 1332 3584 Sir.
1346 3531 1391 3596 43,

248 3625 281 3679 32
301 3625 357 3694 (36)
416 3624 449 3678 14
466 3624 543 3678 Rom.
563 3623 587 3685 2,
608 3623 642 3677 29
703 3621 911 3689 161011.1,4a
975 3619 1120 3676 lsslCor.
1143 3621 1184 3685 14,
1203 3620 1238 3674 25
1293 3620 1327 3672 20
1346 3620 1390 3672 P.

249 3715 326 3782 18,9
382 3713 415 3766 23
434 3713 479 3766 Pe.
500 3713 542 3774 36,
564 3711 596 3764 18

286 3823 390 3874 luta.
409 3834 437 3874 a.
456 3817 484 3871 P
536 3815 663 3886 2deam]
684 3805 747 3871 dnm
769 3817 793 3871 O
810 3833 869 3870 cum
890 3836 907 3869 α
962 3815 1215 3887 bperscripeeritp
1271 3814 1393 3868 diustos

248 3910 275 3980 (v
294 3925 315 3962 a.
336 3913 361 3977 o)
384 3907 491 3964 Oiusti
512 3907 535 3961 0
551 3907 652 3960 Rauda
725 3911 767 3960 est
785 3921 836 3962 ora.
855 3905 957 3959 Baeda
1011 3903 1169 3958 lhomine·
1191 3903 1354 3958 Themines
1375 3919 1393 3955 a

285 3995 382 4066 erac,
401 4013 452 4052 om.
472 4001 518 4050 oet,
538 3995 638 4048 Baedo
676 3995 708 4049 12
728 3996 755 4048 ia
775 3996 817 4064 ea]
837 3993 990 4065 maaaan
1029 3994 1061 4048 13
1081 4009 1139 4046 esse
1158 4007 1209 4046 cm.
1229 3992 1256 4046 P
1293 3993 1326 4046 14
1342 3991 1392 4045 deo

250 4092 292 4141 est
310 4087 365 4156 (est
381 4103 402 4142 a.
421 4102 449 4138 a.
468 4089 524 4152 na2)
544 4084 601 4137 ΒΤ
690 4085 723 4137 16
743 4101 796 4153 qna
814 4083 844 4136 F
860 4089 885 4137 et
905 4087 969 4152 (quo
988 4085 1043 4148 m2)
1067 4081 1122 4137 OV
1203 4079 1331 4150 dignatus
1352 4083 1394 4134 eat

250 4174 322 4245 ΕγΤ
451 4189 514 4228 aare
533 4171 674 4226 israhelita
693 4177 747 4237 (ere
766 4173 789 4224 ia
809 4172 839 4225 iu
857 4174 924 4236 ras.)
944 4171 972 4224 P
1080 4171 1112 4223 17
1132 4169 1272 4222 israhelita
1291 4173 1332 4222 est
1352 4167 1396 4220 αΟ

252 4263 284 4317 18
303 4262 418 4316 uiditP
498 4259 706 4332 dopdnoeet.
815 4262 873 4330 ipse
894 4259 979 4314 GLX
997 4260 1059 4328 (ipsi
1078 4258 1204 4324 ra2aV)
1291 4258 1325 4310 24
1345 4273 1392 4326 pro

250 4352 422 4418 laudabile]
478 4352 512 4403 26
532 4350 625 4403 «diuina
644 4366 758 4419 namque
779 4368 795 4400 a
