3112 4936
233 435 295 498 148
704 431 900 486 Ambrosii

145 622 184 685 17
275 625 380 692 Dixit
399 629 522 690 anatem
542 625 602 690 illi
623 625 813 691 diabolus:
839 626 870 691 si
890 626 999 692 filius
1024 645 1061 692 es
1082 627 1150 704 dei,
1176 626 1235 692 die
1255 627 1376 709 lapidi

142 723 186 772 ⁴¹³
231 732 319 797 huic
349 737 390 796 ut
420 732 496 797 liat
527 732 644 816 panis.
676 732 738 796 tria
769 733 937 815 praecipue
969 733 1120 798 docemur
1151 734 1215 798 tela
1247 733 1377 811 diaboli,

232 839 348 922 quibas
372 839 411 903 ad
435 838 723 904 conuulnerendam
748 841 886 904 mentem
909 839 1047 904 hominis
1067 841 1235 905 consueuit
1253 841 1377 918 armari,

232 947 325 1031 gulae
348 965 457 1022 unum,
481 945 568 1010 aliud
591 945 771 1022 iactantiae,
797 945 980 1011 ambitionis
1003 947 1144 1010 tertium.
1173 945 1247 1012 inde
1270 951 1378 1011 autem

200 1073 212 1110 ⁵
233 1054 347 1136 coepit,
371 1053 454 1118 unde
476 1053 540 1118 iam
559 1053 648 1118 uicit.
674 1056 707 1117 ct
724 1053 795 1118 ideo
814 1053 887 1117 inde
905 1053 1022 1137 incipio
1040 1053 1073 1119 in
1093 1053 1219 1118 Christo
1238 1054 1376 1130 uincere,
1399 1056 1427 1110 Β

232 1159 314 1225 ande
341 1161 373 1224 in
396 1159 497 1224 Adam
531 1160 638 1225 uictos
672 1179 753 1236 sarm,
792 1159 819 1224 si
852 1163 958 1226 tamen
988 1160 1067 1224 milri
1091 1160 1249 1238 Christus,
1273 1161 1378 1244 imago

232 1267 341 1350 patris,
372 1266 503 1330 uirtutis
528 1267 706 1348 exemplum
731 1267 784 1332 sit.
816 1267 976 1331 discamus
1000 1267 1100 1349 igitur
1123 1285 1235 1332 cauere
1260 1267 1378 1351 gulam,

233 1393 344 1439 canere
368 1373 534 1449 luxuriam,
555 1373 628 1454 qaia
647 1374 747 1438 telum
767 1377 816 1437 est
836 1371 964 1438 diaboli.
981 1374 1116 1456 laqueus
1135 1374 1285 1446 tenditur,
1306 1393 1379 1438 carn

234 1499 343 1545 mensa
371 1480 488 1564 regalis
517 1480 658 1544 conuiuii
685 1483 900 1562 praeparatur,
934 1489 1013 1563 quac
1041 1481 1251 1545 constantiam
1286 1499 1380 1562 saepe

190 1588 350 1654 ramentis
372 1586 513 1652 inclinat.
544 1605 603 1651 non
628 1585 730 1652 solum
757 1587 839 1652 enim
862 1607 936 1652 cam
959 1586 1106 1652 audimus
1130 1588 1227 1652 uerba
1250 1587 1380 1663 diaboli,

234 1693 290 1758 sed
313 1693 409 1757 etiarn
433 1711 504 1757 cunr
529 1692 677 1758 uidemus
697 1693 765 1758 cius
786 1693 904 1776 copias,
927 1693 1076 1776 laqueum
1096 1694 1198 1758 uitare
1218 1694 1380 1758 debemus.

235 1783 376 1865 didicisti
406 1800 506 1884 igitur
537 1799 655 1864 diaboli
687 1801 801 1864 telum:
841 1819 931 1864 sume
969 1803 1096 1866 scutum
1128 1801 1213 1868 fidei.
1249 1801 1429 1864 loricamc

150 1899 189 1962 18
235 1906 452 1971 abstinentiae.
485 1905 540 1970 scd
573 1906 650 1989 quid
683 1905 744 1970 sibi
774 1906 847 1971 uult
876 1906 950 1970 talis
982 1907 1136 1970 sermonis
1170 1925 1316 1970 exorsus:
1349 1905 1381 1970 si

235 2014 343 2079 lilius
368 2013 427 2076 dei
447 2031 496 2089 es,
522 2012 584 2076 nisi
604 2014 678 2095 quia
697 2015 890 2096 cognouerat
908 2012 960 2077 dei
978 2011 1078 2077 liliam
1100 2031 1169 2078 esse
1191 2017 1381 2078 uenturam?

192 2147 218 2189 rs
237 2120 292 2184 sed
315 2119 442 2184 uenisse
465 2139 520 2202 per
543 2119 622 2183 hanc
645 2119 861 2184 infirmitatem
881 2119 1019 2201 corporis
1043 2138 1103 2184 non
1128 2119 1271 2201 putabat.
1295 2119 1382 2184 aliud

236 2225 436 2308 explorantis,
471 2225 557 2290 aliud
580 2226 744 2290 temtantis
775 2229 824 2290 est
852 2229 884 2288 ct
911 2225 969 2290 deo
998 2245 1032 2290 se
1062 2225 1229 2309 profitetur
1256 2226 1382 2290 credere

150 2326 189 2389 19
236 2337 269 2396 et
298 2331 419 2396 homini
447 2337 578 2396 conatur
609 2331 763 2396 inludere.
803 2331 858 2395 sed
887 2331 960 2395 uide
988 2351 1075 2396 arma
1098 2331 1227 2405 Christi,
1266 2332 1382 2414 quibus

235 2439 305 2516 tibi,
328 2459 390 2504 non
415 2438 476 2504 sibi
499 2439 588 2504 uicit.
619 2458 691 2502 nam
717 2439 770 2521 qui
794 2438 961 2504 maiestate
987 2459 1046 2503 sua
1067 2439 1189 2521 lapides
1213 2440 1244 2503 in
1269 2459 1382 2520 partem

235 2565 331 2630 posse
355 2545 496 2610 conuerti
526 2549 656 2610 naturae
685 2545 816 2610 alterius
839 2546 1053 2611 transfusione
1075 2547 1268 2611 monstrauit
1292 2547 1384 2612 docet
1402 2550 1431 2606 l)

192 2681 220 2720 ao
236 2653 316 2720 nihil
338 2651 398 2716 tibi
420 2670 476 2734 pro
501 2651 618 2717 diaboli
642 2652 770 2716 arbitrio
795 2671 852 2716 nec
872 2651 1076 2716 declarandae
1095 2652 1225 2717 uirtutis
1245 2657 1384 2718 contern-

237 2758 374 2841 platione
399 2757 587 2822 laciendum.
613 2757 710 2822 simul
733 2758 763 2822 iu
788 2758 858 2841 ipsa
881 2757 1067 2822 temtatioae
1090 2758 1242 2824 artificem
1266 2759 1384 2824 diaboli

238 2865 325 2930 disce
349 2865 533 2929 uersutiam.
558 2864 603 2929 sio
627 2867 741 2928 temtat
759 2868 796 2928 ut
814 2865 963 2946 exploret,
983 2865 1029 2929 sic
1047 2867 1187 2947 explorat
1206 2871 1340 2930 attonat
1361 2870 1383 2930 t.

239 2975 346 3036 contra
364 2971 510 3036 dominus
531 2973 576 3035 sic
595 2971 689 3048 fallit,
712 2975 749 3036 ut
767 2971 885 3042 uincat.
910 2971 955 3036 sic
975 2971 1078 3036 adhuc
1097 2971 1208 3049 uincit,
1229 2975 1265 3035 nt
1284 2971 1384 3036 fallat.

238 3098 310 3142 narn
342 3078 369 3142 si
403 3079 613 3142 conuertisset
650 3083 805 3151 naturam,
843 3077 1023 3160 prodiderat
1059 3081 1240 3142 creatorem.
1282 3077 1384 3142 medie

194 3205 313 3304 {aergo
344 3185 508 3268 respondit
539 3184 659 3250 dicens:
698 3185 883 3266 scriptum
918 3188 975 3249 est
1005 3186 1092 3267 quia
1123 3202 1192 3250 non
1225 3185 1259 3248 in
1293 3203 1385 3265 pane

331 3445 393 3500 611
414 3444 474 3500 Cor.
493 3447 519 3508 4,
539 3447 564 3510 4,
585 3443 640 3499 Col.
663 3445 686 3512 1,
708 3446 739 3498 15
797 3446 830 3498 12
850 3443 947 3515 Eplres.
967 3445 993 3508 6,
1014 3445 1045 3498 14
1066 3449 1094 3498 et
1114 3445 1145 3498 16

280 3623 341 3674 lcs
363 3621 405 3674 dei
425 3620 532 3674 Aadei
552 3637 580 3674 es
600 3625 648 3674 cet.
739 3619 851 3689 2panis
871 3619 984 3690 liatXp
1096 3619 1390 3688 trea(is.cm2)P

241 3711 358 3764 taliam
377 3711 412 3776 A,
425 3710 496 3777 sort.
517 3710 598 3762 aliurn
619 3709 792 3762 scribendum
838 3709 961 3778 lgylara
981 3709 1007 3760 A
1053 3707 1388 3774 Scaaere(rea.u.m1)

240 3799 371 3852 luxoriam
393 3803 420 3866 (a
437 3815 459 3854 a.
480 3815 495 3850 ο
515 3801 571 3862 arrd)
589 3798 617 3850 P
741 3801 783 3850 est
801 3814 852 3854 cm.
873 3798 903 3850 X
994 3797 1149 3851 laurentes
1169 3797 1188 3865 (i
1206 3814 1227 3852 a.
1249 3815 1263 3850 e
1282 3799 1341 3864 alt.)
1362 3801 1387 3850 A

277 3887 430 3940 audiuimus
451 3885 509 3940 ΘΧ
527 3887 564 3952 (ui
583 3903 643 3953 exp.
662 3889 709 3938 oria
731 3885 800 3953 GV)
872 3887 903 3940 13
923 3886 945 3938 si
963 3901 984 3940 a.
1005 3903 1031 3940 u.
1051 3886 1078 3942 P
1146 3887 1178 3939 16
1197 3885 1259 3940 ideo
1278 3889 1320 3954 (in
1338 3903 1388 3956 my.

240 3981 287 4032 m3
307 3977 341 4030 al.
362 3974 423 4042 deo)
443 3977 470 4030 A
542 3975 684 4042 profitetur
703 3993 731 4028 se
750 3975 779 4029 Ε
860 3975 894 4028 20
913 3976 1087 4028 contentione
1106 3979 1137 4042 (a.
1155 3979 1203 4028 rrr2
1222 3974 1388 4046 contemple-

241 4067 327 4130 tiouc)
346 4065 372 4116 A
441 4064 472 4118 21
495 4063 607 4120 artificis
627 4065 653 4118 A
673 4071 697 4117 et
716 4064 749 4130 (is
768 4065 800 4118 in
819 4082 873 4118 raa.
894 4069 949 4130 m2)
973 4065 998 4117 Τ
1063 4065 1097 4118 22
1117 4064 1264 4116 uersutiam
1284 4067 1309 4130 (a
1328 4081 1362 4118 co:
1380 4065 1390 4118 i

241 4159 298 4220 m3)
317 4155 344 4206 P
427 4153 559 4223 explorat]
581 4155 699 4222 exploret
719 4159 743 4224 (a
764 4169 842 4220 cros,
862 4171 877 4206 a
897 4170 917 4206 a.
939 4155 1005 4218 roa.)
1025 4153 1050 4206 P
1069 4153 1188 4221 exploret
1207 4172 1224 4204 rr
1243 4157 1268 4206 ct
1286 4156 1313 4220 (a
1331 4169 1353 4210 a.
1375 4170 1389 4206 e

243 4243 417 4305 alt.or2)l'
517 4243 551 4296 23
571 4246 599 4294 et
618 4248 713 4299 contra
734 4243 775 4312 Gp
795 4251 921 4296 cocontra
940 4241 996 4295 ET
1012 4249 1042 4294 at
1060 4246 1083 4308 (t
1100 4240 1288 4304 rn2exdF,
1308 4241 1343 4294 ad
1361 4243 1390 4308 a)

243 4335 337 4386 contra
356 4333 385 4384 X
459 4330 544 4384 arllroc
564 4335 591 4393 (u
610 4347 631 4384 s.
653 4334 678 4396 o)
698 4333 724 4383 A
797 4331 830 4385 24
851 4330 1005 4400 prodiderat
1024 4335 1054 4396 (a.
1075 4333 1120 4382 aas
1138 4330 1151 4384 l
1169 4329 1345 4400 prodidisset)
1364 4331 1392 4384 P
