3112 4936
135 352 139 360 Ι
193 375 254 436 152
665 371 862 424 Ambrosii

191 565 283 631 deus
308 565 396 643 scit,
420 565 594 649 quoniam
613 569 744 648 raptus
764 571 825 632 est
843 568 876 630 in
897 567 1112 650 paradisum
1133 570 1169 632 et
1187 567 1337 633 audiuit

191 673 309 738 uerba
341 673 568 750 ineffabilia,
602 693 695 756 quae
728 693 800 739 non
832 675 926 740 licet
953 675 1096 740 homini
1124 675 1238 758 loqui.
1271 695 1336 759 pro
1404 673 1429 731 B

192 781 409 845 huiusmodi
443 780 645 865 gloriabor,
683 801 747 862 pro
781 801 835 845 me
873 786 996 845 eutem
1034 801 1104 846 non
1138 781 1338 866 gloriabor

127 873 168 937 27
193 889 268 952 nisi
292 889 327 952 in
351 887 647 952 infirmitatibus
668 887 771 952 meis.
792 907 867 972 ergo
887 891 920 952 et
938 887 989 952 bic
1009 887 1164 968 diabolus,
1189 889 1337 971 quoniam

192 995 305 1059 fortem
325 995 435 1070 sensit,
459 995 640 1060 iactantiam
661 994 847 1077 praetendit,
872 1013 951 1077 quae
972 995 1067 1060 etiam
1089 995 1185 1060 fortes
1205 994 1337 1078 decipit;
1368 1008 1381 1045 ὁ

116 1107 138 1163 4,
154 1108 179 1151 1²
194 1099 250 1164 sed
275 1101 423 1165 dominus
447 1101 610 1184 respondit
633 1101 676 1166 ei:
709 1120 779 1166 nou
802 1100 982 1165 temtabis
1016 1099 1202 1166 dominum
1231 1101 1339 1166 deum

192 1209 309 1270 tuum.
342 1207 374 1271 in
399 1227 461 1289 quo
485 1209 518 1270 et
541 1207 703 1271 dominum
729 1211 761 1271 et
784 1207 879 1272 deum
908 1206 1070 1272 Christum
1098 1210 1131 1272 et
1157 1209 1278 1291 patrem
1308 1213 1340 1272 et

193 1312 293 1377 filium
326 1314 494 1395 potestatis
523 1314 617 1378 unius
644 1333 714 1378 esse
744 1315 920 1398 cognoscis,
953 1315 1043 1379 iuxta
1073 1315 1158 1397 quod
1185 1315 1339 1397 seriptum

194 1420 257 1482 est:
283 1437 349 1502 ego
374 1421 410 1482 et
432 1423 538 1500 peter
562 1437 674 1482 unum
699 1437 836 1483 sarnus.
861 1423 893 1483 et
915 1418 986 1484 ideo
1007 1420 1034 1484 si
1058 1423 1177 1483 ‘unum'
1197 1419 1340 1484 obtendit

195 1523 351 1604 diabolus,
381 1543 508 1590 occurre
532 1525 561 1588 ei
585 1524 659 1608 quia
682 1526 919 1608 scriptumest:
944 1545 1012 1611 ego
1036 1529 1073 1590 et
1096 1530 1202 1609 pater
1225 1545 1339 1592 unum
1359 1541 1385 1583 ιο
1408 1519 1431 1578 0

197 1649 325 1695 sumus
346 1634 377 1696 et
396 1631 556 1716 distingue
575 1633 705 1708 ‘unum’,
725 1651 764 1696 ne
784 1631 942 1696 discernas
957 1635 1159 1715 potestatem,
1179 1633 1340 1716 distingue

135 1739 339 1824 4‚5‘unum’,
369 1757 406 1802 ne
429 1742 550 1820 patrem
574 1739 739 1820 filiumque
763 1730 918 1804 secernas.
947 1745 983 1804 et
1006 1739 1113 1804 duxit
1134 1741 1244 1805 illum
1267 1740 1341 1805 dia·

199 1846 310 1911 bolus
343 1845 481 1910 iterum
509 1846 544 1909 in
574 1849 734 1910 montem
768 1846 999 1911 altissimum
1024 1849 1061 1910 et
1089 1847 1258 1912 ostendit
1279 1846 1340 1913 illi

138 1961 179 2027 ⁰8
202 1953 322 2016 onrnia
345 1973 456 2035 regna
479 1953 579 2018 orbis
599 1943 733 2018 ‘terrae
761 1953 796 2016 in
825 1955 1010 2018 momento
1039 1953 1230 2036 temporis.
1263 1954 1341 2019 bene

198 2059 229 2123 in
253 2063 411 2125 momento
435 2060 587 2143 temporis
613 2059 787 2124 saecularia
816 2063 849 2124 et
875 2063 997 2124 terrena
1024 2062 1248 2126 monstrantur.
1281 2079 1342 2125 non
1362 2075 1387 2116 1⁶

199 2164 280 2229 enim
305 2169 371 2230 tarn
395 2170 583 2250 conspectus
607 2167 751 2231 celeritas
775 2165 933 2230 indicatur
961 2185 1055 2248 quam
1085 2167 1222 2232 caducae
1249 2167 1342 2253 fragi-

198 2273 272 2338 litas
297 2274 463 2355 potsstatis
487 2273 685 2357 exprimitur:
709 2273 742 2337 in
762 2277 922 2338 momento
942 2273 1025 2338 enim
1046 2277 1160 2338 cuncta
1177 2274 1233 2338 illa
1256 2293 1342 2357 prae·
1407 2275 1432 2329 D

199 2383 324 2444 tereunt
347 2385 380 2444 et
406 2399 498 2463 saepe
522 2381 621 2445 honor
649 2379 767 2444 saeculi
796 2379 884 2456 abiit,
919 2383 1087 2462 antequam
1111 2379 1243 2446 uenerit.
1268 2379 1343 2463 quid

200 2487 284 2550 enim
317 2487 436 2551 saeculi
463 2491 571 2568 potest
598 2507 668 2552 esse
697 2487 892 2560 diuturnum,
917 2506 989 2551 cum
1013 2488 1084 2570 ipsa
1107 2487 1256 2551 diuturna
1283 2507 1342 2552 non

105 2653 108 2658 .
201 2593 264 2656 1101
288 2593 438 2657 saecula?
463 2591 612 2658 docemur
634 2593 686 2658 hic
709 2594 809 2658 inanis
839 2593 1021 2658 ambitionis
1046 2593 1143 2658 flabra
1171 2593 1343 2677 despicere,
1361 2610 1388 2650 ²⁰

201 2700 285 2781 quod
309 2699 409 2763 omnis
434 2699 571 2782 dignitas
596 2701 766 2766 saecularis
791 2700 966 2765 diabolicae
991 2699 1156 2764 subiaceat
1182 2699 1344 2784 potestati,

136 2815 177 2878 29
201 2806 239 2868 ad
265 2825 358 2870 usum
381 2805 503 2889 fragilis
528 2810 560 2872 et
582 2807 683 2871 inanis
708 2807 920 2874 adtractum.
955 2807 1011 2872 sed
1036 2807 1193 2890 quomodo
1216 2807 1268 2872 hic
1292 2807 1347 2871 dat

203 2911 348 2977 diabolus
365 2915 554 2995 potestatem
570 2917 603 2978 et
622 2913 696 2977 alibi
714 2913 796 2997 legis
817 2914 891 2995 quia
910 2914 1029 2980 omnis
1049 2917 1221 2996 potestas
1242 2933 1260 2978 a
1279 2913 1344 2980 deo

204 3023 282 3082 est?
301 3019 456 3102 numquid
469 3023 576 3100 potest
590 3021 661 3103 quis
677 3020 801 3085 duobus
818 3021 952 3085 dominis
972 3021 1090 3086 seruire
1110 3024 1165 3084 aut
1183 3041 1201 3084 a
1220 3020 1343 3084 duobus
1412 3021 1437 3076 Ε

203 3125 344 3208 accipere
372 3129 584 3209 potestatem?
612 3146 687 3190 num
716 3145 789 3212 ergo
815 3127 1005 3191 contrarium
1029 3130 1099 3192 est?
1127 3126 1266 3191 minime.
1291 3125 1346 3190 sed
1364 3145 1392 3186 ae

203 3231 277 3296 uide
301 3232 374 3314 quia
398 3231 503 3296 omnia
526 3251 543 3296 a
567 3233 635 3296 deo.
669 3252 768 3316 neque
798 3232 881 3296 enirn
910 3233 977 3298 sine
1006 3233 1063 3298 deo
1092 3231 1240 3312 mundus,
1273 3231 1347 3314 quia

293 3490 504 3558 11011110
561 3489 758 3560 11111111
813 3493 847 3545 aa
867 3491 943 3547 nom.
964 3493 1039 3561 111
1096 3493 1131 3546 24
1150 3491 1247 3546 neers.
1268 3493 1293 3560 0,
1312 3493 1346 3545 24
1446 3511 1449 3516 ·

241 3651 258 3701 1
278 3647 384 3718 quando
403 3647 514 3702 FLOV
607 3653 623 3704 5
643 3651 764 3704 sentite
872 3649 981 3721 decepit
999 3652 1030 3704 X
1047 3655 1072 3705 et
1090 3654 1170 3720 (corr.
1190 3647 1302 3720 decipit)
1320 3649 1347 3704 B

206 3726 295 3792 itinn
315 3725 375 3807 apin
395 3738 422 3791 B
493 3737 729 3809 8101001011Ρχ
802 3738 1050 3810 1101110111101711ι
1123 3741 1157 3794 10
1175 3755 1284 3792 occurre
1303 3735 1350 3792 αΤ

206 3843 329 3881 occurres
343 3827 370 3879 P
391 3843 512 3880 occurres
531 3828 561 3881 E
581 3829 604 3895 (s
627 3827 658 3879 in
680 3843 737 3880 ras.
761 3831 781 3880 2
804 3828 867 3895 litt.)
888 3828 936 3882 CL
960 3843 1100 3882 occurrens
1119 3829 1151 3881 X
1170 3831 1198 3898 (n
1222 3831 1301 3894 eras.)
1325 3827 1348 3881 V

207 3916 321 3970 occurris
341 3916 368 3968 B
387 3933 524 3969 occurrere
545 3915 586 3984 Gr
642 3931 692 3985 ego
712 3919 740 3969 et
758 3919 835 3986 peter
854 3933 935 3970 unam
955 3917 1015 3987 PL,
1034 3935 1085 3972 om.
1105 3924 1151 3971 cet.
1209 3919 1239 3970 ll
1260 3933 1347 3971 secer·

206 4022 254 4059 nas
274 4009 313 4069 (sc
331 4021 352 4058 e.
371 4005 410 4070 u.)
428 4004 456 4058 P
473 4004 609 4057 discernas
628 4003 659 4056 X
705 4004 736 4059 18
756 4005 814 4058 abit
835 4005 858 4058 G
874 4005 953 4058 habit
971 4007 999 4074 (h
1019 4007 1098 4073 0101.)
1118 4007 1144 4058 P
1161 4005 1202 4074 (in
1220 4021 1273 4074 quo
1292 4005 1349 4059 111

208 4111 221 4147 0
241 4097 297 4160 012)
316 4093 360 4146 La
379 4097 440 4162 (cm.
460 4091 557 4146 deinde
576 4095 645 4159 esse)
719 4094 751 4146 19
772 4109 830 4146 esse
849 4095 951 4147 saecuti
964 4095 990 4147 L
1009 4095 1110 4147 saeculi
1125 4111 1177 4148 om.
1192 4093 1219 4147 P
1294 4109 1347 4146 non

207 4185 262 4237 sint
281 4183 389 4236 saecula
407 4182 533 4236 diuturna
546 4181 599 4235 PL
635 4183 670 4235 23
688 4183 758 4251 legis
777 4201 793 4233 a
813 4184 832 4252 (i
852 4185 923 4248 110)
941 4183 1042 4252 legitur
1055 4183 1107 4236 PL
1162 4186 1204 4236 est
1222 4199 1237 4236 a
1256 4181 1307 4236 dec
1325 4181 1351 4235 Τ

207 4274 241 4326 24
261 4291 277 4325 1
296 4270 400 4326 duobus
420 4271 535 4325 dominis
553 4289 569 4340 γ
624 4271 658 4323 25
677 4271 808 4341 numquid
826 4271 878 4325 PL
