3108 4932
239 429 305 492 220
719 423 916 476 Ambrosii

240 618 518 684 testificationibus
543 637 636 700 quam
662 619 829 683 uerborum
857 617 1080 702 sponsionibus
1102 617 1281 697 exhibetur,
1311 637 1392 700 quae

240 729 317 789 tuno
335 725 367 788 in
386 725 569 807 pectoribus
588 725 776 789 Iudaeorum
794 727 886 790 uolut
904 725 1051 789 obserata
1069 726 1139 808 lege
1159 725 1302 804 nutabat,
1321 725 1392 806 ipso

240 832 424 914 spectaculo
449 831 624 896 dominicae
646 833 749 896 crucis
773 835 806 896 et
827 832 920 913 pleno
944 832 1182 897 resurrectionis
1207 831 1392 896 testimonio

171 933 217 996 96
241 937 438 1022 panderetur.
462 941 494 1002 et
515 938 651 1004 fortasse
673 938 729 1002 isti
753 937 903 1027 discipuli
927 938 1233 1022 suntduopopu1i‚
1258 957 1392 1020 quorum

242 1063 324 1108 uiuus
348 1063 384 1108 er
407 1045 532 1109 Iudaeis
557 1043 699 1118 credidit,
724 1045 863 1109 alteror
887 1044 1047 1128 gentibus,
1074 1044 1128 1126 qui
1150 1043 1222 1108 ideo
1247 1043 1391 1120 credidit,
1426 1065 1440 1107 x
1465 1047 1486 1102 c

242 1152 317 1234 quia
339 1151 472 1216 audiuit.
498 1151 669 1216 uoluerunt
692 1169 766 1236 ergo
785 1151 841 1216 isti
859 1150 968 1216 uidere
990 1153 1119 1234 propior
1140 1149 1238 1216 illud:
1263 1151 1393 1215 uestri

243 1261 376 1322 autom
399 1257 512 1322 beati
533 1257 644 1322 oculi
664 1257 731 1340 qui
751 1257 896 1322 uident
915 1261 1088 1322 stauros
1109 1261 1272 1322 uestrae
1293 1276 1393 1340 quae

242 1364 424 1428 audiunt.
454 1363 510 1428 sed
539 1363 634 1428 otiam
664 1382 719 1427 nos
749 1363 889 1428 uidimus
917 1364 949 1427 in
972 1363 1121 1441 Iohanne,
1149 1363 1251 1428 oculis
1276 1361 1393 1428 nostris

243 1471 459 1554 perspeximus
483 1471 516 1534 in
540 1469 693 1553 apostolis
719 1473 752 1534 et
769 1469 915 1534 manibus
935 1469 1052 1534 nostris
1071 1469 1261 1552 perscrutati
1281 1488 1392 1534 sumus

242 1577 274 1640 in
312 1577 450 1640 Thomas
488 1576 612 1660 digitis;
651 1575 755 1658 qnod
789 1575 871 1640 enim
909 1579 996 1639 erat
1033 1576 1077 1639 ab
1114 1575 1248 1653 initio,
1287 1574 1440 1656 quodue

243 1682 480 1748 audiuimus
513 1687 552 1747 et
584 1683 688 1764 quod
721 1682 914 1760 uidimus,
953 1682 1085 1746 oculis
1123 1682 1279 1747 nostris
1311 1701 1392 1765 per-

245 1791 450 1872 speximus
488 1793 526 1854 et
568 1807 706 1853 manus
749 1791 914 1852 nostrae
957 1791 1168 1852 scrutatae
1210 1791 1304 1852 sunt
1346 1788 1392 1852 de

245 1896 368 1960 uerbo
389 1897 516 1961 uitae:
539 1899 578 1960 et
596 1895 684 1959 uita
708 1894 909 1977 apparuit.
930 1893 1054 1976 quando
1075 1895 1244 1976 apparuit?
1268 1894 1392 1977 quando

246 2002 396 2068 uidimus.
420 2021 480 2066 non
505 2001 551 2066 sio
576 2001 756 2084 adparebat,
781 2004 949 2082 antequam
973 1999 1146 2064 uideretur.
1176 1999 1293 2085 gratias
1317 2019 1392 2083 ergo
1459 2006 1483 2058 D

246 2108 384 2186 domino,
409 2109 463 2191 qui
491 2107 657 2174 crucifixus
687 2114 737 2170 est
764 2125 819 2187 pro
844 2105 905 2170 tide
930 2110 1047 2186 nostra,
1072 2105 1240 2172 crucifixus
1265 2109 1314 2172 est
1336 2125 1392 2187 pro
1412 2131 1439 2172 rc

246 2214 475 2298 cupiditatibus
501 2214 628 2278 nostris.
652 2232 741 2278 mens
765 2230 835 2275 mea
858 2213 889 2277 in
913 2212 969 2276 illo
994 2213 1141 2278 crucifixa
1165 2215 1222 2278 est.

175 2317 219 2380 97
288 2322 399 2404 Itaque
418 2325 450 2386 et
473 2341 555 2386 nnnc
579 2320 633 2404 qui
656 2323 750 2384 uetus
773 2323 1000 2384 testamentum
1023 2323 1200 2396 recensent,
1224 2323 1393 2402 antequam

245 2431 438 2513 cognoscant
467 2427 667 2512 euangelium
698 2431 730 2490 et
762 2425 852 2508 quasi
885 2425 1038 2508 quaedam
1071 2425 1222 2491 dominici
1254 2427 1393 2509 corporis

245 2535 383 2617 uestigia
409 2535 525 2616 legant,
554 2537 723 2597 uenturum
751 2535 866 2614 putant
889 2535 921 2596 et
943 2533 1106 2614 requirunt
1128 2537 1235 2598 utrum
1258 2533 1327 2614 ipse
1351 2533 1395 2597 sit

246 2639 392 2705 Christus
421 2639 472 2702 dei
498 2640 596 2717 filius,
625 2640 679 2719 qui
708 2641 862 2702 uenturus
891 2640 950 2702 est.
979 2641 1011 2702 et
1037 2657 1110 2702 cum
1134 2637 1245 2722 legunt
1268 2637 1393 2720 quando
1413 2662 1440 2702 eo

246 2765 318 2810 cum
341 2746 498 2810 Abraham
522 2746 650 2810 locutus
674 2749 724 2808 ost
741 2744 795 2809 uel
813 2743 937 2826 quando
958 2763 991 2808 se
1011 2743 1072 2808 dur
1090 2743 1224 2808 militiae
1243 2745 1391 2809 caelestis

167 2853 394 2928 uaoostsndit,
420 2853 528 2916 dicunt
547 2851 673 2934 utique:
697 2855 739 2916 tu
764 2871 804 2914 es
829 2851 895 2933 qui
919 2853 1118 2916 uenturus
1143 2871 1182 2916 os
1202 2870 1246 2915 an
1266 2852 1391 2916 alium
1461 2866 1484 2920 Ε

168 2975 190 3031 u,
204 2978 231 3021 aa
245 2958 552 3040 exspectamus?
572 2978 645 3023 cum
665 2961 770 3022 autem
790 2958 935 3022 uenerint
953 2957 992 3021 ad
1011 2957 1212 3041 euangelium
1232 2961 1264 3022 et
1278 2976 1392 3042 cogno-

246 3065 350 3130 uerint
376 3065 557 3129 inluminari
586 3083 707 3140 caecos,
742 3064 903 3128 ambulare
931 3063 1072 3141 claudos,
1107 3063 1234 3128 audisse
1267 3064 1392 3141 surdos,

246 3170 414 3235 mundatos
447 3191 516 3234 esse
547 3171 701 3254 leprosos,
734 3173 875 3234 mortuos
908 3170 1125 3246 resurrexisse,
1157 3175 1233 3234 tnnc
1266 3169 1392 3234 dicunt:
1413 3194 1441 3234 ex

247 3278 425 3343 uidimus
454 3297 539 3342 eum
570 3282 608 3340 et
639 3277 772 3341 oculis
804 3276 959 3340 nostris
989 3277 1267 3359 perspeximus
1299 3280 1331 3340 et
1361 3277 1391 3340 in

335 3507 351 3558 6
370 3503 468 3557 Matth.
490 3502 580 3568 13,16
620 3502 651 3554 lo
671 3501 728 3554 Ion.
749 3501 792 3566 ⁸20,
811 3503 844 3556 25
865 3519 932 3570 sqq.,
952 3499 1040 3554 1101.
1063 3503 1085 3569 1,
1107 3503 1118 3554 1
1165 3502 1197 3554 16
1213 3499 1302 3558 Galat.
1317 3503 1342 3568 6,
1359 3503 1393 3556 14

246 3589 1111 3662 21Gen.17‚1sqq.;18,9sqq.;22,lsqq.;los.5‚14
1166 3590 1390 3658 261101.1,1

283 3717 299 3768 2
319 3717 463 3769 obseruata
481 3715 509 3767 P
525 3717 570 3782 (ua
588 3730 609 3768 s.
629 3717 667 3779 n.)
687 3713 717 3766 X
735 3711 880 3766 obuersata
893 3711 920 3764 L
991 3711 1126 3766 nutabant
1139 3713 1198 3766 ΒΧ
1251 3715 1267 3768 3
1286 3717 1393 3783 specta·

247 3806 308 3860 cula
326 3805 379 3859 PL
433 3803 522 3858 dduo
543 3803 637 3873 populi
656 3805 752 3854 sunta
806 3803 910 3855 5unus
930 3802 976 3871 qui
997 3805 1058 3869 (om.
1079 3803 1248 3871 quorum)X
1317 3802 1391 3873 ideo]

248 3895 281 3948 do
302 3893 372 3946 Pan
426 3894 442 3946 6
462 3893 526 3962 quia
544 3894 571 3958 (a
589 3907 609 3945 e.
628 3893 666 3958 u.)
685 3889 715 3942 F
731 3889 777 3958 qni
795 3889 848 3943 PL
902 3895 917 3943 tt
938 3891 1009 3943 oculi
1028 3890 1115 3944 nostri
1133 3895 1327 3961 perspexerunt
1341 3891 1394 3944 PL

249 3983 280 4036 11
302 3981 374 4052 quod
394 3989 458 4036 onte
476 3981 592 4035 uidimus
611 3996 663 4034 om.
683 3979 741 4032 ΒΧ
823 3980 855 4032 14
875 3995 938 4048 ergo
959 3979 992 4032 do
1012 3979 1064 4032 PL
1148 3981 1180 4034 15
1200 3983 1242 4033 est
1261 3987 1326 4034 oute
1344 3997 1393 4050 pro

247 4069 445 4139 cupiditatibus
464 4087 514 4124 ons.
534 4071 582 4139 Χχ
656 4070 687 4122 17
708 4073 737 4121 et
755 4084 806 4123 om.
826 4069 857 4120 X
925 4067 957 4121 18
977 4067 1104 4121 dominici
1122 4071 1142 4136 (i
1162 4070 1212 4122 ult.
1231 4069 1263 4122 iu
1280 4073 1348 4132 ros.)
1367 4069 1396 4122 P

247 4161 281 4214 21
303 4159 378 4212 duxit
398 4160 432 4222 (it
450 4159 576 4224 eruo.)P
610 4159 644 4210 23
665 4161 692 4210 et
711 4173 761 4213 om.
781 4157 812 4210 X
865 4157 1262 4226 cognoueritP(·intm3)L
1297 4159 1393 4212 acin-

248 4249 379 4302 lnminare
399 4247 489 4314 Puri
507 4249 563 4313 md)
583 4245 663 4299 FLO
735 4249 763 4298 et
782 4246 955 4315 ambularep
1028 4244 1121 4300 andire
1141 4245 1200 4316 αθχ
1263 4245 1297 4300 26
1317 4249 1391 4317 eum]

247 4339 320 4391 enirn
341 4353 401 4390 eum
421 4337 450 4388 Χ
