3086 4938
253 425 317 488 326
739 420 933 475 Ambrosii

253 618 400 702 dirigitur
416 619 519 694 locus,
539 621 576 682 ut
589 619 737 700 quoniam
751 637 808 682 nos
823 617 861 682 ad
877 617 1018 682 studium
1039 616 1254 701 simplicitatis
1272 616 1402 696 inuitat,

253 725 411 808 superflua
447 723 636 790 Iudaeorum
673 726 706 788 et
741 727 865 788 terrene
901 723 1098 804 condemnet,
1136 721 1191 806 qui
1227 721 1402 786 seeundum

253 852 367 915 eorpus
399 831 613 916 intellegendo
648 849 727 914 quae
758 831 840 916 legis
869 835 945 896 sunt
971 831 1055 896 uitro
1084 833 1117 896 et
1143 830 1245 895 catino
1274 835 1404 913 propter

205 965 207 970 ¹
252 938 454 1022 fragilitatem
476 939 526 1002 sui
543 957 604 1002 non
623 937 769 1002 inmerito
790 940 998 1020 conparantur
1016 939 1049 1002 et
1067 957 1103 1001 ea
1123 936 1160 1000 de
1180 937 1295 1019 quibus
1309 937 1403 1001 nobis

253 1045 360 1109 nullus
388 1048 437 1110 est
465 1064 543 1110 usus
571 1045 752 1122 obseruant,
782 1065 818 1109 ea
846 1049 950 1109 autem
979 1043 1010 1108 in
1039 1044 1155 1126 quibus
1182 1047 1309 1108 nostrae
1332 1043 1403 1123 spei
1437 1069 1450 1107 s

253 1153 377 1216 fructus
393 1156 442 1216 est
456 1153 626 1236 neelegunt
641 1155 673 1216 et
690 1151 761 1216 ideo
780 1155 946 1235 peccatum
966 1151 1083 1235 grande
1102 1151 1306 1227 conmittunt,
1325 1149 1403 1213 dum

254 1257 385 1322 meliora
408 1257 597 1340 despiciunt,
621 1262 652 1322 et
675 1262 781 1322 tamen
805 1258 867 1342 ipsi
890 1261 1020 1341 peccato
1045 1257 1174 1322 abolitio
1194 1257 1403 1341 promittitur,

253 1364 280 1426 si
304 1365 519 1429 misericordia
542 1371 764 1446 consequatur.

166 1469 229 1533 103
298 1473 443 1536 Breuiter
465 1476 570 1536 autem
595 1471 674 1536 uitia
698 1491 807 1537 eorum
825 1473 927 1537 multa
945 1471 1157 1556 praestringit,
1179 1471 1233 1554 qui
1251 1469 1402 1534 uiliorum
1479 1481 1540 1534 143ss

165 1597 198 1650 11,
213 1579 415 1644 anfractuum
444 1578 575 1642 decimis
604 1578 800 1643 conferendis
829 1598 920 1644 omne
948 1579 1091 1644 studium
1119 1577 1284 1642 intendant
1308 1595 1403 1641 suum
1424 1602 1454 1640 ro

253 1704 311 1750 nec
333 1685 436 1748 ullum
459 1685 560 1749 futuri
582 1685 692 1750 iudicii
715 1688 836 1750 metum
861 1704 917 1750 nec
941 1685 1081 1768 aliquam
1101 1683 1152 1748 dei
1170 1683 1308 1748 habeant
1325 1683 1404 1747 cari·

254 1795 364 1869 tatem,
394 1811 465 1856 oum
490 1809 585 1873 opera
608 1791 675 1856 sine
699 1791 760 1856 fide
784 1811 866 1856 uana
890 1792 967 1866 sint;
993 1793 1193 1874 praetereunt
1215 1790 1297 1854 enim
1321 1789 1404 1854 iudi-

255 1899 339 1962 cium
364 1900 395 1962 et
423 1899 585 1962 caritatem
616 1897 676 1976 dei,
704 1898 859 1964 iudicium
886 1898 969 1976 ideo,
999 1898 1072 1980 quia
1100 1917 1160 1962 non
1189 1897 1295 1960 omnia
1322 1913 1404 1978 quae

254 2008 353 2088 agunt
372 2005 402 2068 in
421 2005 575 2076 iudicium
594 2005 743 2082 referunt,
763 2005 926 2069 caritatem
945 2005 1027 2083 ideo,
1047 2005 1200 2086 quianon
1220 2023 1256 2067 en
1275 2003 1403 2066 adiectu

168 2113 230 2176 104
254 2111 348 2176 deum
368 2113 515 2196 diligunt.
535 2112 591 2176 sed
610 2131 648 2175 ne
667 2131 777 2176 rursus
797 2111 871 2176 fidei
890 2131 947 2176 nos
967 2113 1129 2178 studiosos
1146 2109 1251 2187 iaciat,
1271 2129 1400 2192 operum
1425 2134 1454 2174 rs

254 2220 463 2302 neclegentes,
487 2219 712 2300 perlectionem
736 2219 839 2284 fidelis
864 2219 925 2282 uiri
948 2217 1037 2282 breui
1061 2236 1205 2282 sermone
1229 2215 1403 2294 concludit,
1480 2236 1507 2290 Β

166 2347 201 2400 11,
215 2347 241 2390 ce
256 2329 292 2390 ut
315 2329 347 2390 et
369 2325 431 2388 fide
455 2329 487 2389 et
510 2327 656 2408 operibus
681 2327 880 2410 adprobetur,
911 2325 1032 2390 dicens:
1057 2327 1093 2388 et
1116 2325 1207 2388 haec
1232 2321 1406 2405 oportuit

168 2435 229 2496 105
254 2433 378 2497 facere
401 2436 437 2496 et
460 2433 528 2496 illa
551 2453 620 2500 non
646 2434 830 2498 omittere.
860 2431 1075 2518 adrogantiam
1106 2449 1232 2513 quoque
1260 2428 1406 2493 iactanti·

255 2559 368 2620 amque
401 2539 561 2622 redarguit
597 2539 796 2622 ludaeorum,
833 2539 908 2602 dum
942 2539 1097 2620 primatus
1130 2535 1339 2602 accubitionis
1371 2535 1406 2599 in

165 2659 200 2717 11,
214 2659 240 2703 re
256 2645 412 2710 conuiuiis
442 2635 611 2728 adpetunt?
631 2646 662 2710 in
685 2647 773 2728 ipsos
798 2665 923 2728 quoque
946 2645 1065 2727 peritos
1089 2645 1171 2727 legis
1195 2641 1407 2707 damnationis
1429 2667 1459 2705 ro

256 2752 412 2816 sententia
434 2753 664 2836 promulgatur,
689 2753 743 2835 qui
767 2753 857 2836 quasi
882 2752 1048 2835 sepulchra
1072 2770 1151 2833 quae
1174 2770 1234 2814 non
1255 2752 1409 2832 apparent

257 2858 362 2941 specie
390 2857 504 2922 fallunt
531 2877 656 2940 usuque
685 2859 855 2942 decipiunt,
883 2863 921 2923 ut
954 2877 1026 2923 curn
1054 2857 1131 2922 loris
1165 2856 1309 2938 speciosa
1335 2873 1408 2937 pro-

257 2965 394 3042 mittant,
422 2964 508 3029 intus
537 2966 629 3048 plena
657 2965 784 3030 faetoris
810 2965 985 3030 includant.
1014 2963 1099 3046 quod
1121 2963 1243 3028 faciunt
1265 2961 1408 3046 plerique
1483 2986 1508 3041 c

139 3132 145 3144 ,
258 3073 412 3148 doctores,
436 3071 491 3152 qui
514 3072 552 3136 ab
576 3071 647 3136 aliis
672 3072 801 3156 erigunt
824 3071 908 3154 quod
931 3071 993 3154 ipsi
1017 3089 1078 3136 non
1102 3079 1220 3151 queant
1243 3069 1407 3133 aemulari.

258 3182 290 3244 et
307 3178 378 3242 ideo
397 3178 457 3260 ipsi
478 3183 681 3242 monumenta
699 3181 784 3250 sunt,
809 3179 894 3243 sicut
912 3182 942 3242 61
962 3177 1037 3242 alibi
1056 3177 1175 3241 dictum
1195 3177 1259 3240 est:
1282 3174 1408 3258 sepul·
1429 3199 1459 3239 aa

257 3286 383 3350 chrum
407 3289 541 3367 patens
566 3289 625 3350 est
648 3289 780 3370 guttur
804 3303 940 3350 eorum.

348 3427 380 3479 19
398 3425 497 3478 llattlr.
516 3425 560 3492 23,
579 3425 604 3492 6,
623 3423 705 3478 Mare.
727 3423 769 3488 12,
790 3425 832 3492 39,
852 3423 917 3480 Luc.
937 3423 981 3486 20,
1000 3423 1035 3477 46
1135 3421 1288 3476 2311161111.
1307 3421 1350 3488 23,
1369 3421 1406 3474 27

259 3515 400 3582 aalma
423 3517 453 3568 11

294 3621 367 3690 261]
387 3621 457 3673 inP
476 3619 597 3684 (stein
616 3617 712 3686 m3)L
767 3617 927 3672 condemnat
940 3617 993 3672 PL
1029 3618 1098 3687 461]
1116 3616 1315 3686 quoniamoet
1330 3619 1361 3684 (a.
1377 3619 1409 3668 et

258 3715 314 3778 or3)
330 3711 357 3762 A
403 3711 418 3762 6
438 3708 584 3776 neolegunt
602 3709 629 3760 A
648 3708 799 3777 neglegunt
817 3713 864 3761 cet.
917 3709 931 3761 7
947 3707 1011 3776 ipsi]
1028 3707 1094 3776 ipsis
1113 3705 1175 3759 Oet
1187 3708 1209 3773 (s
1224 3705 1272 3759 uit.
1287 3721 1309 3760 e.
1323 3711 1362 3771 u.)
1381 3705 1411 3757 V

258 3799 343 3868 ipsius
362 3817 379 3850 a
399 3805 423 3852 ct
442 3802 484 3866 (us
503 3815 525 3852 s.
543 3815 570 3852 u.
591 3800 646 3864 m2)
665 3797 695 3850 E
796 3799 909 3866 peccato
930 3801 1011 3862 (corr.
1029 3798 1077 3848 m2
1094 3795 1127 3864 ti)
1147 3794 1218 3865 qu
1236 3794 1339 3864 peccati
1359 3793 1409 3846 Ba

258 3890 274 3941 1)
293 3887 380 3941 multa
398 3905 448 3941 cm.
468 3887 524 3941 ET
595 3886 756 3955 perstringit
774 3885 872 3955 Ps'qn
942 3887 974 3940 16
993 3885 1166 3952 neclegentes
1185 3885 1212 3936 A
1230 3882 1410 3953 neglegentia

257 3997 275 4048 χ
293 3976 470 4046 neglegentes
490 3981 537 4030 cet.
611 3975 704 4029 fideles
723 3991 786 4029 uero
806 3974 948 4041 P(1idelis
968 3973 1019 4026 uiri
1037 3975 1094 4040 613)
1112 3973 1198 4026 BLX
1269 3972 1321 4026 uiri
1341 3972 1408 4038 (det

258 4069 306 4118 m3
325 4071 350 4118 et
368 4081 389 4118 6.
409 4065 490 4132 in)A
529 4065 560 4118 17
582 4068 609 4118 et
628 4065 778 4118 autchaec
797 4079 881 4132 euax
938 4063 970 4115 18
990 4079 1095 4132 quoque
1111 4079 1162 4116 om.
1177 4061 1235 4116 ET
1304 4062 1410 4114 iactan‘

260 4155 380 4223 tiamque
400 4169 450 4208 om.
467 4153 508 4223 Gq
558 4155 590 4208 21
612 4153 753 4223 sepulchra
772 4153 801 4222 (h
820 4171 841 4207 e.
860 4171 889 4206 u.
908 4153 965 4219 m3)
983 4152 1010 4205 P
1058 4152 1092 4204 22
1112 4153 1226 4220 uisuque
1245 4151 1272 4204 P
1288 4151 1307 4218 (i
1326 4165 1348 4203 e.
1367 4155 1410 4216 aa.)

296 4240 462 4310 66661661χ
512 4243 546 4294 23
565 4241 656 4310 plena]
677 4241 758 4309 plena
778 4257 839 4294 ossa
856 4241 884 4294 P
901 4243 973 4307 (ossa
991 4255 1012 4292 6.
1031 4255 1059 4292 u.
1077 4241 1135 4306 m2)
1156 4237 1229 4308 Gerr
1247 4255 1308 4292 ossa
1325 4237 1411 4307 plena

260 4330 301 4384 ed.
321 4331 401 4386 Rom.
475 4329 598 4399 laeteris]
619 4329 730 4398 pudoris
749 4331 780 4384 X
852 4328 935 4399 quod]
957 4345 1025 4398 quae
1044 4347 1062 4397 χ
