<?xml version="1.0" encoding="UTF-8"?>
<!DOCTYPE html PUBLIC "-//W3C//DTD XHTML 1.0 Transitional//EN"
    "http://www.w3.org/TR/xhtml1/DTD/xhtml1-transitional.dtd">
<html xmlns="http://www.w3.org/1999/xhtml" xml:lang="en" lang="en">
 <head>
  <title>
</title>
<meta http-equiv="Content-Type" content="text/html;charset=utf-8" />
  <meta name='ocr-system' content='tesseract 3.04.00' />
  <meta name='ocr-capabilities' content='ocr_page ocr_carea ocr_par ocr_line ocrx_word'/>
</head>
<body>
  <div class='ocr_page' id='page_1' title='image "./expositioevange00schegoog_0031.png"; bbox 0 0 3042 4918; ppageno 0'>
   <div class='ocr_carea' id='block_1_1' title="bbox 289 465 970 530">
    <p class='ocr_par' dir='ltr' id='par_1_1' title="bbox 289 465 970 530">
     <span class='ocr_line' id='line_1_1' title="bbox 289 465 970 530; baseline 0 -12"><span class='ocrx_word' id='word_1_1' title='bbox 289 466 396 530; x_wconf 84' lang='lat' dir='ltr'>XVIII</span> <span class='ocrx_word' id='word_1_2' title='bbox 755 465 970 520; x_wconf 79' lang='lat' dir='ltr'>Praefatio.</span> 
     </span>
    </p>
   </div>
   <div class='ocr_carea' id='block_1_2' title="bbox 288 661 1438 1168">
    <p class='ocr_par' dir='ltr' id='par_1_2' title="bbox 288 661 1438 1168">
     <span class='ocr_line' id='line_1_2' title="bbox 290 661 1436 745; baseline 0.007 -23"><span class='ocrx_word' id='word_1_3' title='bbox 290 661 323 723; x_wconf 80' lang='lat' dir='ltr'>ia</span> <span class='ocrx_word' id='word_1_4' title='bbox 354 661 583 724; x_wconf 75' lang='lat' dir='ltr'>commentariis</span> <span class='ocrx_word' id='word_1_5' title='bbox 615 663 682 725; x_wconf 75' lang='lat' dir='ltr'>circs</span> <span class='ocrx_word' id='word_1_6' title='bbox 714 661 810 743; x_wconf 75' lang='lat' dir='ltr'>legere</span> <span class='ocrx_word' id='word_1_7' title='bbox 831 664 960 742; x_wconf 81' lang='lat' dir='ltr'>poturis.</span> <span class='ocrx_word' id='word_1_8' title='bbox 990 683 1070 745; x_wconf 83' lang='lat' dir='ltr'>quus</span> <span class='ocrx_word' id='word_1_9' title='bbox 1098 664 1214 728; x_wconf 89' lang='lat' dir='ltr'>mirum</span> <span class='ocrx_word' id='word_1_10' title='bbox 1242 665 1273 728; x_wconf 93' lang='lat' dir='ltr'>in</span> <span class='ocrx_word' id='word_1_11' title='bbox 1305 665 1436 730; x_wconf 88' lang='lat' dir='ltr'>modurn</span> 
     </span>
     <span class='ocr_line' id='line_1_3' title="bbox 290 767 1437 852; baseline 0.004 -21"><span class='ocrx_word' id='word_1_12' title='bbox 290 767 481 833; x_wconf 85' lang='lat' dir='ltr'>conueniunt</span> <span class='ocrx_word' id='word_1_13' title='bbox 522 787 594 833; x_wconf 90' lang='lat' dir='ltr'>oum</span> <span class='ocrx_word' id='word_1_14' title='bbox 633 769 810 834; x_wconf 77' lang='lat' dir='ltr'>notissimis</span> <span class='ocrx_word' id='word_1_15' title='bbox 849 769 915 834; x_wconf 93' lang='lat' dir='ltr'>illis</span> <span class='ocrx_word' id='word_1_16' title='bbox 952 771 1058 834; x_wconf 88' lang='lat' dir='ltr'>uerbis</span> <span class='ocrx_word' id='word_1_17' title='bbox 1097 790 1176 852; x_wconf 84' lang='lat' dir='ltr'>quaa</span> <span class='ocrx_word' id='word_1_18' title='bbox 1209 772 1240 835; x_wconf 91' lang='lat' dir='ltr'>in</span> <span class='ocrx_word' id='word_1_19' title='bbox 1278 772 1359 836; x_wconf 90' lang='lat' dir='ltr'>libro</span> <span class='ocrx_word' id='word_1_20' title='bbox 1398 773 1437 836; x_wconf 86' lang='lat' dir='ltr'>de</span> 
     </span>
     <span class='ocr_line' id='line_1_4' title="bbox 290 871 1438 960; baseline 0.003 -22"><span class='ocrx_word' id='word_1_21' title='bbox 290 873 365 938; x_wconf 91' lang='lat' dir='ltr'>uiris</span> <span class='ocrx_word' id='word_1_22' title='bbox 385 874 564 939; x_wconf 78' lang='lat' dir='ltr'>illustribus</span> <span class='ocrx_word' id='word_1_23' title='bbox 584 871 626 958; x_wconf 82' lang='lat' dir='ltr'>(c.</span> <span class='ocrx_word' id='word_1_24' title='bbox 648 873 792 960; x_wconf 83' lang='lat' dir='ltr'>CXXIV)</span> <span class='ocrx_word' id='word_1_25' title='bbox 811 877 933 959; x_wconf 78' lang='lat' dir='ltr'>posuit:</span> <span class='ocrx_word' id='word_1_26' title='bbox 954 875 991 940; x_wconf 82' lang='lat' dir='ltr'>de</span> <span class='ocrx_word' id='word_1_27' title='bbox 1008 897 1068 958; x_wconf 81' lang='lat' dir='ltr'>qao</span> <span class='ocrx_word' id='word_1_28' title='bbox 1088 880 1163 958; x_wconf 82' lang='lat' dir='ltr'>qaia</span> <span class='ocrx_word' id='word_1_29' title='bbox 1177 884 1316 960; x_wconf 82' lang='lat' dir='ltr'>superest</span> <span class='ocrx_word' id='word_1_30' title='bbox 1334 899 1438 942; x_wconf 80' lang='lat' dir='ltr'>arcam</span> 
     </span>
     <span class='ocr_line' id='line_1_5' title="bbox 288 979 1438 1064; baseline 0.005 -22"><span class='ocrx_word' id='word_1_31' title='bbox 288 979 438 1044; x_wconf 79' lang='lat' dir='ltr'>iarlicc&#39;am</span> <span class='ocrx_word' id='word_1_32' title='bbox 460 981 642 1044; x_wconf 78' lang='lat' dir='ltr'>subtraham</span> <span class='ocrx_word' id='word_1_33' title='bbox 668 1002 707 1046; x_wconf 85' lang='lat' dir='ltr'>aa</span> <span class='ocrx_word' id='word_1_34' title='bbox 735 982 770 1045; x_wconf 84' lang='lat' dir='ltr'>r&#39;a</span> <span class='ocrx_word' id='word_1_35' title='bbox 797 981 981 1046; x_wconf 69' lang='lat' dir='ltr'>alterutrata</span> <span class='ocrx_word' id='word_1_36' title='bbox 1002 989 1127 1064; x_wconf 82' lang='lat' dir='ltr'>partem</span> <span class='ocrx_word' id='word_1_37' title='bbox 1151 989 1206 1047; x_wconf 81' lang='lat' dir='ltr'>arat</span> <span class='ocrx_word' id='word_1_38' title='bbox 1233 985 1378 1048; x_wconf 75' lang='lat' dir='ltr'>adulatio</span> <span class='ocrx_word' id='word_1_39' title='bbox 1403 986 1438 1048; x_wconf 83' lang='lat' dir='ltr'>ira</span> 
     </span>
     <span class='ocr_line' id='line_1_6' title="bbox 288 1087 828 1168; baseline 0.006 -19"><span class='ocrx_word' id='word_1_40' title='bbox 288 1107 335 1150; x_wconf 82' lang='lat' dir='ltr'>nte</span> <span class='ocrx_word' id='word_1_41' title='bbox 357 1087 602 1168; x_wconf 80' lang='lat' dir='ltr'>reprclamlalar</span> <span class='ocrx_word' id='word_1_42' title='bbox 624 1091 680 1151; x_wconf 84' lang='lat' dir='ltr'>aut</span> <span class='ocrx_word' id='word_1_43' title='bbox 702 1089 828 1152; x_wconf 82' lang='lat' dir='ltr'>ueritas.</span> 
     </span>
    </p>
   </div>
   <div class='ocr_carea' id='block_1_3' title="bbox 287 1211 1435 1510">
    <p class='ocr_par' dir='ltr' id='par_1_3' title="bbox 287 1211 1435 1510">
     <span class='ocr_line' id='line_1_7' title="bbox 333 1211 1435 1295; baseline 0.003 -20"><span class='ocrx_word' id='word_1_44' title='bbox 333 1211 426 1275; x_wconf 85' lang='lat' dir='ltr'>Solus</span> <span class='ocrx_word' id='word_1_45' title='bbox 444 1211 544 1295; x_wconf 88' lang='lat' dir='ltr'>igitur</span> <span class='ocrx_word' id='word_1_46' title='bbox 562 1211 617 1293; x_wconf 91' lang='lat' dir='ltr'>qui</span> <span class='ocrx_word' id='word_1_47' title='bbox 632 1211 670 1275; x_wconf 87' lang='lat' dir='ltr'>do</span> <span class='ocrx_word' id='word_1_48' title='bbox 689 1211 750 1276; x_wconf 90' lang='lat' dir='ltr'>hoc</span> <span class='ocrx_word' id='word_1_49' title='bbox 769 1211 928 1276; x_wconf 86' lang='lat' dir='ltr'>Ambrosii</span> <span class='ocrx_word' id='word_1_50' title='bbox 947 1232 1040 1295; x_wconf 86' lang='lat' dir='ltr'>opere</span> <span class='ocrx_word' id='word_1_51' title='bbox 1055 1213 1223 1278; x_wconf 84' lang='lat' dir='ltr'>honorilice</span> <span class='ocrx_word' id='word_1_52' title='bbox 1238 1215 1435 1280; x_wconf 88' lang='lat' dir='ltr'>mentionem</span> 
     </span>
     <span class='ocr_line' id='line_1_8' title="bbox 288 1317 1434 1394; baseline 0.003 -15"><span class='ocrx_word' id='word_1_53' title='bbox 288 1317 441 1394; x_wconf 84' lang='lat' dir='ltr'>iniecerit,</span> <span class='ocrx_word' id='word_1_54' title='bbox 465 1321 566 1381; x_wconf 86' lang='lat' dir='ltr'>restat</span> <span class='ocrx_word' id='word_1_55' title='bbox 590 1317 798 1382; x_wconf 80' lang='lat' dir='ltr'>Cassiodorus</span> <span class='ocrx_word' id='word_1_56' title='bbox 823 1317 930 1381; x_wconf 89' lang='lat' dir='ltr'>dicens</span> <span class='ocrx_word' id='word_1_57' title='bbox 950 1319 1055 1381; x_wconf 87' lang='lat' dir='ltr'>uirum</span> <span class='ocrx_word' id='word_1_58' title='bbox 1080 1323 1223 1382; x_wconf 87' lang='lat' dir='ltr'>sanctum</span> <span class='ocrx_word' id='word_1_59' title='bbox 1247 1319 1354 1384; x_wconf 89' lang='lat' dir='ltr'>Lucan</span> <span class='ocrx_word' id='word_1_60' title='bbox 1376 1320 1434 1383; x_wconf 86' lang='lat' dir='ltr'>rni-</span> 
     </span>
     <span class='ocr_line' id='line_1_9' title="bbox 287 1423 1070 1510; baseline 0.003 -24"><span class='ocrx_word' id='word_1_61' title='bbox 287 1423 427 1486; x_wconf 86' lang='lat' dir='ltr'>rabilitar</span> <span class='ocrx_word' id='word_1_62' title='bbox 452 1423 669 1505; x_wconf 83' lang='lat' dir='ltr'>explanauisse</span> <span class='ocrx_word' id='word_1_63' title='bbox 693 1423 779 1504; x_wconf 74' lang='lat' dir='ltr'>(inst.</span> <span class='ocrx_word' id='word_1_64' title='bbox 804 1423 867 1488; x_wconf 89' lang='lat' dir='ltr'>diu.</span> <span class='ocrx_word' id='word_1_65' title='bbox 890 1423 953 1488; x_wconf 88' lang='lat' dir='ltr'>litt.</span> <span class='ocrx_word' id='word_1_66' title='bbox 978 1443 1002 1489; x_wconf 90' lang='lat' dir='ltr'>s.</span> <span class='ocrx_word' id='word_1_67' title='bbox 1027 1425 1070 1510; x_wconf 81' lang='lat'>7).</span> 
     </span>
    </p>
   </div>
   <div class='ocr_carea' id='block_1_4' title="bbox 831 1754 885 1818">
    <p class='ocr_par' dir='ltr' id='par_1_4' title="bbox 831 1754 885 1818">
     <span class='ocr_line' id='line_1_10' title="bbox 831 1754 885 1818; baseline 0 -1"><span class='ocrx_word' id='word_1_68' title='bbox 831 1754 885 1818; x_wconf 92' lang='lat' dir='ltr'>VI.</span> 
     </span>
    </p>
   </div>
   <div class='ocr_carea' id='block_1_5' title="bbox 284 1895 1436 3239">
    <p class='ocr_par' dir='ltr' id='par_1_5' title="bbox 284 1895 1436 3239">
     <span class='ocr_line' id='line_1_11' title="bbox 332 1895 1436 1978; baseline 0.004 -17"><span class='ocrx_word' id='word_1_69' title='bbox 332 1897 399 1962; x_wconf 88' lang='lat' dir='ltr'>lam</span> <span class='ocrx_word' id='word_1_70' title='bbox 424 1915 502 1978; x_wconf 88' lang='lat' dir='ltr'>quas</span> <span class='ocrx_word' id='word_1_71' title='bbox 522 1897 566 1960; x_wconf 92' lang='lat' dir='ltr'>rei</span> <span class='ocrx_word' id='word_1_72' title='bbox 586 1895 713 1960; x_wconf 88' lang='lat' dir='ltr'>criticae</span> <span class='ocrx_word' id='word_1_73' title='bbox 732 1896 763 1960; x_wconf 93' lang='lat' dir='ltr'>in</span> <span class='ocrx_word' id='word_1_74' title='bbox 783 1895 878 1960; x_wconf 91' lang='lat' dir='ltr'>huius</span> <span class='ocrx_word' id='word_1_75' title='bbox 898 1897 1001 1978; x_wconf 90' lang='lat' dir='ltr'>operis</span> <span class='ocrx_word' id='word_1_76' title='bbox 1022 1896 1159 1961; x_wconf 89' lang='lat' dir='ltr'>editione</span> <span class='ocrx_word' id='word_1_77' title='bbox 1183 1897 1436 1965; x_wconf 84' lang='lat' dir='ltr'>administranda</span> 
     </span>
     <span class='ocr_line' id='line_1_12' title="bbox 287 2003 1434 2088; baseline 0.001 -19"><span class='ocrx_word' id='word_1_78' title='bbox 287 2005 366 2070; x_wconf 86' lang='lat' dir='ltr'>natio</span> <span class='ocrx_word' id='word_1_79' title='bbox 395 2005 438 2070; x_wconf 89' lang='lat' dir='ltr'>sit</span> <span class='ocrx_word' id='word_1_80' title='bbox 466 2003 682 2088; x_wconf 85' lang='lat' dir='ltr'>explicandum</span> <span class='ocrx_word' id='word_1_81' title='bbox 711 2003 803 2068; x_wconf 89' lang='lat' dir='ltr'>nobis</span> <span class='ocrx_word' id='word_1_82' title='bbox 837 2005 893 2068; x_wconf 90' lang='lat' dir='ltr'>est.</span> <span class='ocrx_word' id='word_1_83' title='bbox 927 2007 1020 2084; x_wconf 87' lang='lat' dir='ltr'>atquo</span> <span class='ocrx_word' id='word_1_84' title='bbox 1053 2003 1198 2068; x_wconf 87' lang='lat' dir='ltr'>codicum</span> <span class='ocrx_word' id='word_1_85' title='bbox 1231 2005 1370 2087; x_wconf 78' lang='lat' dir='ltr'>quidem,</span> <span class='ocrx_word' id='word_1_86' title='bbox 1400 2007 1434 2070; x_wconf 93' lang='lat' dir='ltr'>in</span> 
     </span>
     <span class='ocr_line' id='line_1_13' title="bbox 288 2109 1436 2194; baseline 0 -18"><span class='ocrx_word' id='word_1_87' title='bbox 288 2113 402 2194; x_wconf 91' lang='lat' dir='ltr'>quibus</span> <span class='ocrx_word' id='word_1_88' title='bbox 435 2110 595 2175; x_wconf 85' lang='lat' dir='ltr'>Ambrosii</span> <span class='ocrx_word' id='word_1_89' title='bbox 627 2109 658 2173; x_wconf 93' lang='lat' dir='ltr'>in</span> <span class='ocrx_word' id='word_1_90' title='bbox 692 2111 798 2174; x_wconf 86' lang='lat' dir='ltr'>Lucan</span> <span class='ocrx_word' id='word_1_91' title='bbox 831 2109 1076 2174; x_wconf 87' lang='lat' dir='ltr'>commentarius</span> <span class='ocrx_word' id='word_1_92' title='bbox 1109 2109 1237 2194; x_wconf 80' lang='lat' dir='ltr'>legitur,</span> <span class='ocrx_word' id='word_1_93' title='bbox 1276 2130 1349 2174; x_wconf 89' lang='lat' dir='ltr'>cum</span> <span class='ocrx_word' id='word_1_94' title='bbox 1388 2113 1436 2178; x_wconf 87' lang='lat' dir='ltr'>sit</span> 
     </span>
     <span class='ocr_line' id='line_1_14' title="bbox 286 2214 1435 2301; baseline 0 -20"><span class='ocrx_word' id='word_1_95' title='bbox 286 2237 436 2282; x_wconf 88' lang='lat' dir='ltr'>numerus</span> <span class='ocrx_word' id='word_1_96' title='bbox 460 2235 649 2301; x_wconf 90' lang='lat' dir='ltr'>permagnus</span> <span class='ocrx_word' id='word_1_97' title='bbox 669 2214 884 2300; x_wconf 88' lang='lat' dir='ltr'>(septuaginta</span> <span class='ocrx_word' id='word_1_98' title='bbox 902 2219 958 2279; x_wconf 90' lang='lat' dir='ltr'>aut</span> <span class='ocrx_word' id='word_1_99' title='bbox 981 2215 1075 2280; x_wconf 86' lang='lat' dir='ltr'>etiam</span> <span class='ocrx_word' id='word_1_100' title='bbox 1095 2216 1231 2298; x_wconf 88' lang='lat' dir='ltr'>amplius</span> <span class='ocrx_word' id='word_1_101' title='bbox 1254 2216 1285 2280; x_wconf 93' lang='lat' dir='ltr'>in</span> <span class='ocrx_word' id='word_1_102' title='bbox 1311 2216 1435 2299; x_wconf 78' lang='lat' dir='ltr'>byblio-</span> 
     </span>
     <span class='ocr_line' id='line_1_15' title="bbox 286 2321 1436 2408; baseline 0 -20"><span class='ocrx_word' id='word_1_103' title='bbox 286 2325 386 2390; x_wconf 85' lang='lat' dir='ltr'>thecis</span> <span class='ocrx_word' id='word_1_104' title='bbox 420 2324 650 2408; x_wconf 75' lang='lat' dir='ltr'>accersantur),</span> <span class='ocrx_word' id='word_1_105' title='bbox 683 2321 876 2406; x_wconf 86' lang='lat' dir='ltr'>posthabitis</span> <span class='ocrx_word' id='word_1_106' title='bbox 915 2322 1147 2404; x_wconf 82' lang='lat' dir='ltr'>exemplaribus</span> <span class='ocrx_word' id='word_1_107' title='bbox 1180 2323 1365 2407; x_wconf 89' lang='lat' dir='ltr'>uolgaribns</span> <span class='ocrx_word' id='word_1_108' title='bbox 1400 2329 1436 2388; x_wconf 88' lang='lat' dir='ltr'>et</span> 
     </span>
     <span class='ocr_line' id='line_1_16' title="bbox 285 2427 1434 2512; baseline 0 -16"><span class='ocrx_word' id='word_1_109' title='bbox 285 2431 511 2497; x_wconf 89' lang='lat' dir='ltr'>recentioribus</span> <span class='ocrx_word' id='word_1_110' title='bbox 531 2450 584 2495; x_wconf 88' lang='lat' dir='ltr'>sos</span> <span class='ocrx_word' id='word_1_111' title='bbox 605 2429 680 2512; x_wconf 84' lang='lat' dir='ltr'>eligi</span> <span class='ocrx_word' id='word_1_112' title='bbox 700 2431 833 2512; x_wconf 81' lang='lat' dir='ltr'>oportet,</span> <span class='ocrx_word' id='word_1_113' title='bbox 855 2427 909 2510; x_wconf 95' lang='lat' dir='ltr'>qui</span> <span class='ocrx_word' id='word_1_114' title='bbox 928 2432 984 2492; x_wconf 87' lang='lat' dir='ltr'>aut</span> <span class='ocrx_word' id='word_1_115' title='bbox 1001 2432 1163 2493; x_wconf 86' lang='lat' dir='ltr'>uetustate</span> <span class='ocrx_word' id='word_1_116' title='bbox 1183 2432 1238 2494; x_wconf 88' lang='lat' dir='ltr'>aut</span> <span class='ocrx_word' id='word_1_117' title='bbox 1256 2429 1434 2496; x_wconf 88' lang='lat' dir='ltr'>lectionum</span> 
     </span>
     <span class='ocr_line' id='line_1_17' title="bbox 285 2535 1435 2621; baseline 0 -19"><span class='ocrx_word' id='word_1_118' title='bbox 285 2539 465 2621; x_wconf 82' lang='lat' dir='ltr'>integritate</span> <span class='ocrx_word' id='word_1_119' title='bbox 488 2540 650 2618; x_wconf 83' lang='lat' dir='ltr'>praestent</span> <span class='ocrx_word' id='word_1_120' title='bbox 674 2538 730 2599; x_wconf 88' lang='lat' dir='ltr'>aut</span> <span class='ocrx_word' id='word_1_121' title='bbox 753 2535 867 2599; x_wconf 87' lang='lat' dir='ltr'>saltem</span> <span class='ocrx_word' id='word_1_122' title='bbox 892 2535 1025 2600; x_wconf 90' lang='lat' dir='ltr'>alicuius</span> <span class='ocrx_word' id='word_1_123' title='bbox 1046 2536 1198 2600; x_wconf 88' lang='lat' dir='ltr'>momenti</span> <span class='ocrx_word' id='word_1_124' title='bbox 1219 2536 1282 2600; x_wconf 88' lang='lat' dir='ltr'>sint</span> <span class='ocrx_word' id='word_1_125' title='bbox 1302 2536 1341 2600; x_wconf 90' lang='lat' dir='ltr'>ad</span> <span class='ocrx_word' id='word_1_126' title='bbox 1364 2536 1435 2602; x_wconf 85' lang='lat' dir='ltr'>fata</span> 
     </span>
     <span class='ocr_line' id='line_1_18' title="bbox 286 2641 1432 2726; baseline 0 -19"><span class='ocrx_word' id='word_1_127' title='bbox 286 2664 364 2726; x_wconf 88' lang='lat' dir='ltr'>quae</span> <span class='ocrx_word' id='word_1_128' title='bbox 384 2641 542 2706; x_wconf 85' lang='lat' dir='ltr'>Ambrosii</span> <span class='ocrx_word' id='word_1_129' title='bbox 560 2642 640 2706; x_wconf 88' lang='lat' dir='ltr'>liber</span> <span class='ocrx_word' id='word_1_130' title='bbox 667 2659 836 2724; x_wconf 90' lang='lat' dir='ltr'>perpessus</span> <span class='ocrx_word' id='word_1_131' title='bbox 862 2647 911 2704; x_wconf 88' lang='lat' dir='ltr'>est</span> <span class='ocrx_word' id='word_1_132' title='bbox 929 2641 1125 2706; x_wconf 86' lang='lat' dir='ltr'>illustranda.</span> <span class='ocrx_word' id='word_1_133' title='bbox 1150 2662 1212 2724; x_wconf 92' lang='lat' dir='ltr'>quo</span> <span class='ocrx_word' id='word_1_134' title='bbox 1237 2643 1340 2707; x_wconf 90' lang='lat' dir='ltr'>officio</span> <span class='ocrx_word' id='word_1_135' title='bbox 1364 2643 1432 2708; x_wconf 87' lang='lat' dir='ltr'>iam</span> 
     </span>
     <span class='ocr_line' id='line_1_19' title="bbox 285 2747 1432 2834; baseline 0.002 -22"><span class='ocrx_word' id='word_1_136' title='bbox 285 2753 373 2834; x_wconf 89' lang='lat' dir='ltr'>pater</span> <span class='ocrx_word' id='word_1_137' title='bbox 395 2769 484 2813; x_wconf 88' lang='lat' dir='ltr'>meus</span> <span class='ocrx_word' id='word_1_138' title='bbox 506 2747 693 2830; x_wconf 81' lang='lat' dir='ltr'>perfunctus</span> <span class='ocrx_word' id='word_1_139' title='bbox 717 2752 767 2811; x_wconf 87' lang='lat' dir='ltr'>est</span> <span class='ocrx_word' id='word_1_140' title='bbox 791 2748 968 2832; x_wconf 85' lang='lat' dir='ltr'>segregatis</span> <span class='ocrx_word' id='word_1_141' title='bbox 993 2767 1009 2811; x_wconf 92' lang='lat' dir='ltr'>e</span> <span class='ocrx_word' id='word_1_142' title='bbox 1033 2751 1162 2812; x_wconf 88' lang='lat' dir='ltr'>caterua</span> <span class='ocrx_word' id='word_1_143' title='bbox 1184 2749 1241 2812; x_wconf 87' lang='lat' dir='ltr'>illo</span> <span class='ocrx_word' id='word_1_144' title='bbox 1265 2753 1432 2832; x_wconf 87' lang='lat' dir='ltr'>quattuor·</span> 
     </span>
     <span class='ocr_line' id='line_1_20' title="bbox 286 2855 1432 2938; baseline -0.001 -17"><span class='ocrx_word' id='word_1_145' title='bbox 286 2857 386 2921; x_wconf 87' lang='lat' dir='ltr'>decim</span> <span class='ocrx_word' id='word_1_146' title='bbox 406 2855 579 2934; x_wconf 64' lang='lat' dir='ltr'>codicibus</span> <span class='ocrx_word' id='word_1_147' title='bbox 594 2855 626 2919; x_wconf 93' lang='lat' dir='ltr'>in</span> <span class='ocrx_word' id='word_1_148' title='bbox 641 2855 758 2938; x_wconf 90' lang='lat' dir='ltr'>quibus</span> <span class='ocrx_word' id='word_1_149' title='bbox 773 2857 936 2938; x_wconf 88' lang='lat' dir='ltr'>tamquam</span> <span class='ocrx_word' id='word_1_150' title='bbox 955 2855 986 2918; x_wconf 92' lang='lat' dir='ltr'>in</span> <span class='ocrx_word' id='word_1_151' title='bbox 1006 2855 1211 2920; x_wconf 84' lang='lat' dir='ltr'>fundamento</span> <span class='ocrx_word' id='word_1_152' title='bbox 1232 2859 1317 2920; x_wconf 90' lang='lat' dir='ltr'>certo</span> <span class='ocrx_word' id='word_1_153' title='bbox 1333 2857 1432 2920; x_wconf 88' lang='lat' dir='ltr'>crisin</span> 
     </span>
     <span class='ocr_line' id='line_1_21' title="bbox 285 2959 1431 3045; baseline 0.002 -21"><span class='ocrx_word' id='word_1_154' title='bbox 285 2963 377 3026; x_wconf 89' lang='lat' dir='ltr'>inniti</span> <span class='ocrx_word' id='word_1_155' title='bbox 406 2981 480 3026; x_wconf 87' lang='lat' dir='ltr'>sano</span> <span class='ocrx_word' id='word_1_156' title='bbox 507 2961 626 3026; x_wconf 88' lang='lat' dir='ltr'>iudicio</span> <span class='ocrx_word' id='word_1_157' title='bbox 653 2961 821 3043; x_wconf 83' lang='lat' dir='ltr'>perspexit.</span> <span class='ocrx_word' id='word_1_158' title='bbox 860 2960 896 3023; x_wconf 88' lang='lat' dir='ltr'>de</span> <span class='ocrx_word' id='word_1_159' title='bbox 930 2961 979 3025; x_wconf 90' lang='lat' dir='ltr'>his</span> <span class='ocrx_word' id='word_1_160' title='bbox 1013 2959 1112 3044; x_wconf 90' lang='lat' dir='ltr'>igitur</span> <span class='ocrx_word' id='word_1_161' title='bbox 1143 2961 1234 3025; x_wconf 88' lang='lat' dir='ltr'>libris</span> <span class='ocrx_word' id='word_1_162' title='bbox 1270 2961 1431 3045; x_wconf 87' lang='lat' dir='ltr'>agendum</span> 
     </span>
     <span class='ocr_line' id='line_1_22' title="bbox 286 3067 1431 3152; baseline 0 -20"><span class='ocrx_word' id='word_1_163' title='bbox 286 3069 464 3152; x_wconf 88' lang='lat' dir='ltr'>quibusque</span> <span class='ocrx_word' id='word_1_164' title='bbox 489 3067 685 3152; x_wconf 79' lang='lat' dir='ltr'>cognationis</span> <span class='ocrx_word' id='word_1_165' title='bbox 709 3067 846 3132; x_wconf 90' lang='lat' dir='ltr'>uinculis</span> <span class='ocrx_word' id='word_1_166' title='bbox 870 3067 950 3130; x_wconf 88' lang='lat' dir='ltr'>iuter</span> <span class='ocrx_word' id='word_1_167' title='bbox 974 3085 1008 3130; x_wconf 91' lang='lat' dir='ltr'>se</span> <span class='ocrx_word' id='word_1_168' title='bbox 1032 3067 1192 3131; x_wconf 86' lang='lat' dir='ltr'>coniuncti</span> <span class='ocrx_word' id='word_1_169' title='bbox 1221 3067 1294 3145; x_wconf 86' lang='lat' dir='ltr'>sint,</span> <span class='ocrx_word' id='word_1_170' title='bbox 1325 3070 1431 3150; x_wconf 85' lang='lat' dir='ltr'>explo-</span> 
     </span>
     <span class='ocr_line' id='line_1_23' title="bbox 284 3176 499 3239; baseline -0.005 0"><span class='ocrx_word' id='word_1_171' title='bbox 284 3176 416 3239; x_wconf 87' lang='lat' dir='ltr'>randum</span> <span class='ocrx_word' id='word_1_172' title='bbox 440 3179 499 3239; x_wconf 91' lang='lat' dir='ltr'>est.</span> 
     </span>
    </p>
   </div>
   <div class='ocr_carea' id='block_1_6' title="bbox 240 3297 1430 4214">
    <p class='ocr_par' dir='ltr' id='par_1_6' title="bbox 240 3297 1430 4214">
     <span class='ocr_line' id='line_1_24' title="bbox 240 3297 1429 3381; baseline -0.003 -14"><span class='ocrx_word' id='word_1_173' title='bbox 240 3304 273 3367; x_wconf 83' lang='lat' dir='ltr'>A</span> <span class='ocrx_word' id='word_1_174' title='bbox 332 3298 480 3364; x_wconf 91' lang='lat' dir='ltr'>Omnium</span> <span class='ocrx_word' id='word_1_175' title='bbox 508 3301 664 3381; x_wconf 87' lang='lat' dir='ltr'>quotquot</span> <span class='ocrx_word' id='word_1_176' title='bbox 691 3300 814 3362; x_wconf 81' lang='lat' dir='ltr'>exstant</span> <span class='ocrx_word' id='word_1_177' title='bbox 842 3297 985 3362; x_wconf 87' lang='lat' dir='ltr'>codicum</span> <span class='ocrx_word' id='word_1_178' title='bbox 1014 3297 1255 3379; x_wconf 88' lang='lat' dir='ltr'>antiquissimus</span> <span class='ocrx_word' id='word_1_179' title='bbox 1284 3301 1334 3361; x_wconf 81' lang='lat' dir='ltr'>est</span> <span class='ocrx_word' id='word_1_180' title='bbox 1362 3300 1429 3364; x_wconf 92' lang='lat' dir='ltr'>Bo·</span> 
     </span>
     <span class='ocr_line' id='line_1_25' title="bbox 284 3403 1428 3490; baseline -0.002 -19"><span class='ocrx_word' id='word_1_181' title='bbox 284 3406 440 3471; x_wconf 88' lang='lat' dir='ltr'>biensis</span> <span class='ocrx_word' id='word_1_182' title='bbox 468 3405 523 3469; x_wconf 91' lang='lat' dir='ltr'>ille</span> <span class='ocrx_word' id='word_1_183' title='bbox 548 3405 618 3490; x_wconf 73' lang='lat' dir='ltr'>(A),</span> <span class='ocrx_word' id='word_1_184' title='bbox 649 3404 787 3486; x_wconf 84' lang='lat' dir='ltr'>scriptus</span> <span class='ocrx_word' id='word_1_185' title='bbox 816 3405 943 3468; x_wconf 86' lang='lat' dir='ltr'>saeculo</span> <span class='ocrx_word' id='word_1_186' title='bbox 972 3405 1042 3480; x_wconf 84' lang='lat' dir='ltr'>VH,</span> <span class='ocrx_word' id='word_1_187' title='bbox 1067 3403 1217 3468; x_wconf 87' lang='lat' dir='ltr'>trecentis</span> <span class='ocrx_word' id='word_1_188' title='bbox 1245 3403 1309 3468; x_wconf 84' lang='lat' dir='ltr'>lere</span> <span class='ocrx_word' id='word_1_189' title='bbox 1339 3405 1428 3469; x_wconf 93' lang='lat' dir='ltr'>annis</span> 
     </span>
     <span class='ocr_line' id='line_1_26' title="bbox 284 3509 1429 3596; baseline -0.002 -20"><span class='ocrx_word' id='word_1_190' title='bbox 284 3517 359 3596; x_wconf 90' lang='lat' dir='ltr'>post</span> <span class='ocrx_word' id='word_1_191' title='bbox 382 3532 461 3594; x_wconf 91' lang='lat' dir='ltr'>opus</span> <span class='ocrx_word' id='word_1_192' title='bbox 485 3513 523 3576; x_wconf 88' lang='lat' dir='ltr'>ab</span> <span class='ocrx_word' id='word_1_193' title='bbox 551 3512 620 3593; x_wconf 93' lang='lat' dir='ltr'>ipso</span> <span class='ocrx_word' id='word_1_194' title='bbox 645 3511 812 3576; x_wconf 89' lang='lat' dir='ltr'>Ambrosio</span> <span class='ocrx_word' id='word_1_195' title='bbox 838 3511 969 3587; x_wconf 83' lang='lat' dir='ltr'>editum,</span> <span class='ocrx_word' id='word_1_196' title='bbox 1000 3511 1052 3593; x_wconf 92' lang='lat' dir='ltr'>qui</span> <span class='ocrx_word' id='word_1_197' title='bbox 1081 3529 1163 3575; x_wconf 86' lang='lat' dir='ltr'>nrrnc</span> <span class='ocrx_word' id='word_1_198' title='bbox 1191 3509 1305 3574; x_wconf 86' lang='lat' dir='ltr'>misere</span> <span class='ocrx_word' id='word_1_199' title='bbox 1333 3512 1429 3575; x_wconf 89' lang='lat' dir='ltr'>muti-</span> 
     </span>
     <span class='ocr_line' id='line_1_27' title="bbox 283 3615 1429 3700; baseline -0.002 -18"><span class='ocrx_word' id='word_1_200' title='bbox 283 3619 369 3684; x_wconf 87' lang='lat' dir='ltr'>latus</span> <span class='ocrx_word' id='word_1_201' title='bbox 407 3621 501 3700; x_wconf 84' lang='lat' dir='ltr'>atque</span> <span class='ocrx_word' id='word_1_202' title='bbox 539 3618 570 3681; x_wconf 93' lang='lat' dir='ltr'>in</span> <span class='ocrx_word' id='word_1_203' title='bbox 609 3617 688 3681; x_wconf 86' lang='lat' dir='ltr'>duas</span> <span class='ocrx_word' id='word_1_204' title='bbox 720 3620 825 3699; x_wconf 89' lang='lat' dir='ltr'>partes</span> <span class='ocrx_word' id='word_1_205' title='bbox 855 3617 1033 3700; x_wconf 89' lang='lat' dir='ltr'>discerptus</span> <span class='ocrx_word' id='word_1_206' title='bbox 1067 3619 1124 3696; x_wconf 80' lang='lat' dir='ltr'>est,</span> <span class='ocrx_word' id='word_1_207' title='bbox 1164 3635 1296 3698; x_wconf 87' lang='lat' dir='ltr'>quarum</span> <span class='ocrx_word' id='word_1_208' title='bbox 1330 3615 1429 3680; x_wconf 85' lang='lat' dir='ltr'>altera</span> 
     </span>
     <span class='ocr_line' id='line_1_28' title="bbox 284 3721 1430 3806; baseline -0.003 -17"><span class='ocrx_word' id='word_1_209' title='bbox 284 3724 456 3790; x_wconf 86' lang='lat' dir='ltr'>Mediolani</span> <span class='ocrx_word' id='word_1_210' title='bbox 484 3724 515 3788; x_wconf 92' lang='lat' dir='ltr'>in</span> <span class='ocrx_word' id='word_1_211' title='bbox 544 3723 746 3806; x_wconf 87' lang='lat' dir='ltr'>bybliotheca</span> <span class='ocrx_word' id='word_1_212' title='bbox 775 3723 978 3787; x_wconf 88' lang='lat' dir='ltr'>celeberrima</span> <span class='ocrx_word' id='word_1_213' title='bbox 1005 3723 1212 3788; x_wconf 81' lang='lat' dir='ltr'>Ambrosiam</span> <span class='ocrx_word' id='word_1_214' title='bbox 1242 3721 1430 3786; x_wconf 84' lang='lat' dir='ltr'>adseruntur</span> 
     </span>
     <span class='ocr_line' id='line_1_29' title="bbox 284 3827 1429 3914; baseline -0.003 -18"><span class='ocrx_word' id='word_1_215' title='bbox 284 3850 414 3896; x_wconf 86' lang='lat' dir='ltr'>numero</span> <span class='ocrx_word' id='word_1_216' title='bbox 437 3831 479 3897; x_wconf 91' lang='lat' dir='ltr'>H.</span> <span class='ocrx_word' id='word_1_217' title='bbox 505 3831 556 3894; x_wconf 83' lang='lat'>78.</span> <span class='ocrx_word' id='word_1_218' title='bbox 581 3850 650 3912; x_wconf 92' lang='lat' dir='ltr'>sup.</span> <span class='ocrx_word' id='word_1_219' title='bbox 674 3830 836 3914; x_wconf 83' lang='lat' dir='ltr'>insignita,</span> <span class='ocrx_word' id='word_1_220' title='bbox 861 3830 958 3894; x_wconf 89' lang='lat' dir='ltr'>altera</span> <span class='ocrx_word' id='word_1_221' title='bbox 987 3831 1018 3893; x_wconf 94' lang='lat' dir='ltr'>in</span> <span class='ocrx_word' id='word_1_222' title='bbox 1041 3829 1274 3912; x_wconf 87' lang='lat' dir='ltr'>bybliothecam</span> <span class='ocrx_word' id='word_1_223' title='bbox 1303 3827 1429 3892; x_wconf 91' lang='lat' dir='ltr'>uniuer-</span> 
     </span>
     <span class='ocr_line' id='line_1_30' title="bbox 285 3933 1428 4020; baseline -0.003 -18"><span class='ocrx_word' id='word_1_224' title='bbox 285 3937 390 4002; x_wconf 88' lang='lat' dir='ltr'>sitatis</span> <span class='ocrx_word' id='word_1_225' title='bbox 422 3937 623 4000; x_wconf 87' lang='lat' dir='ltr'>Tanrinensis</span> <span class='ocrx_word' id='word_1_226' title='bbox 656 3936 760 4000; x_wconf 86' lang='lat' dir='ltr'>delata</span> <span class='ocrx_word' id='word_1_227' title='bbox 793 3940 842 4001; x_wconf 91' lang='lat' dir='ltr'>est</span> <span class='ocrx_word' id='word_1_228' title='bbox 875 3936 979 4020; x_wconf 85' lang='lat' dir='ltr'>(siglis</span> <span class='ocrx_word' id='word_1_229' title='bbox 1005 3936 1041 4002; x_wconf 81' lang='lat' dir='ltr'>G.</span> <span class='ocrx_word' id='word_1_230' title='bbox 1065 3935 1103 3998; x_wconf 90' lang='lat' dir='ltr'>V.</span> <span class='ocrx_word' id='word_1_231' title='bbox 1130 3937 1169 3998; x_wconf 88' lang='lat'>15</span> <span class='ocrx_word' id='word_1_232' title='bbox 1199 3933 1329 4017; x_wconf 89' lang='lat' dir='ltr'>notata).</span> <span class='ocrx_word' id='word_1_233' title='bbox 1365 3954 1428 4016; x_wconf 92' lang='lat' dir='ltr'>quo</span> 
     </span>
     <span class='ocr_line' id='line_1_31' title="bbox 284 4041 1427 4127; baseline -0.004 -19"><span class='ocrx_word' id='word_1_234' title='bbox 284 4044 410 4108; x_wconf 85' lang='lat' dir='ltr'>lucilius</span> <span class='ocrx_word' id='word_1_235' title='bbox 426 4046 531 4108; x_wconf 87' lang='lat' dir='ltr'>autom</span> <span class='ocrx_word' id='word_1_236' title='bbox 547 4062 730 4127; x_wconf 75' lang='lat' dir='ltr'>cognoscas,</span> <span class='ocrx_word' id='word_1_237' title='bbox 752 4063 831 4124; x_wconf 89' lang='lat' dir='ltr'>quae</span> <span class='ocrx_word' id='word_1_238' title='bbox 851 4043 1001 4126; x_wconf 82' lang='lat' dir='ltr'>perierint</span> <span class='ocrx_word' id='word_1_239' title='bbox 1016 4061 1158 4124; x_wconf 85' lang='lat' dir='ltr'>quaeque</span> <span class='ocrx_word' id='word_1_240' title='bbox 1175 4041 1277 4106; x_wconf 88' lang='lat' dir='ltr'>adhuc</span> <span class='ocrx_word' id='word_1_241' title='bbox 1294 4043 1427 4118; x_wconf 79' lang='lat' dir='ltr'>exstent,</span> 
     </span>
     <span class='ocr_line' id='line_1_32' title="bbox 284 4149 718 4214; baseline 0 0"><span class='ocrx_word' id='word_1_242' title='bbox 284 4151 363 4214; x_wconf 88' lang='lat' dir='ltr'>hanc</span> <span class='ocrx_word' id='word_1_243' title='bbox 388 4149 536 4214; x_wconf 84' lang='lat' dir='ltr'>subiunxi</span> <span class='ocrx_word' id='word_1_244' title='bbox 560 4151 718 4214; x_wconf 85' lang='lat' dir='ltr'>tabulam:</span> 
     </span>
    </p>
   </div>
   <div class='ocr_carea' id='block_1_7' title="bbox 0 0 1526 4918">
    <p class='ocr_par' dir='ltr' id='par_1_7' title="bbox 0 0 1526 4918">
     <span class='ocr_line' id='line_1_33' title="bbox 0 0 1526 4918; baseline 0 1"><span class='ocrx_word' id='word_1_245' title='bbox 0 0 1526 4918; x_wconf 95' lang='lat' dir='ltr'> </span> 
     </span>
    </p>
   </div>
  </div>
 </body>
</html>
