<?xml version="1.0" encoding="UTF-8"?>
<!DOCTYPE html PUBLIC "-//W3C//DTD XHTML 1.0 Transitional//EN"
    "http://www.w3.org/TR/xhtml1/DTD/xhtml1-transitional.dtd">
<html xmlns="http://www.w3.org/1999/xhtml" xml:lang="en" lang="en">
 <head>
  <title>
</title>
<meta http-equiv="Content-Type" content="text/html;charset=utf-8" />
  <meta name='ocr-system' content='tesseract 3.04.00' />
  <meta name='ocr-capabilities' content='ocr_page ocr_carea ocr_par ocr_line ocrx_word'/>
</head>
<body>
  <div class='ocr_page' id='page_1' title='image "./expositioevange00schegoog_0021.png"; bbox 0 0 3042 4918; ppageno 0'>
   <div class='ocr_carea' id='block_1_1' title="bbox 265 425 947 494">
    <p class='ocr_par' dir='ltr' id='par_1_1' title="bbox 265 425 947 494">
     <span class='ocr_line' id='line_1_1' title="bbox 265 425 947 494; baseline -0.001 -16"><span class='ocrx_word' id='word_1_1' title='bbox 265 429 341 494; x_wconf 82' lang='lat' dir='ltr'>Vffl</span> <span class='ocrx_word' id='word_1_2' title='bbox 726 425 947 478; x_wconf 77' lang='lat' dir='ltr'>Praefatio.</span> 
     </span>
    </p>
   </div>
   <div class='ocr_carea' id='block_1_2' title="bbox 266 617 1502 701">
    <p class='ocr_par' dir='ltr' id='par_1_2' title="bbox 266 617 1502 701">
     <span class='ocr_line' id='line_1_2' title="bbox 266 617 1502 701; baseline 0 -19"><span class='ocrx_word' id='word_1_3' title='bbox 266 618 363 684; x_wconf 87' lang='lat' dir='ltr'>dicet:</span> <span class='ocrx_word' id='word_1_4' title='bbox 388 623 416 682; x_wconf 86' lang='lat' dir='ltr'>ct</span> <span class='ocrx_word' id='word_1_5' title='bbox 439 619 507 683; x_wconf 81' lang='lat' dir='ltr'>idco</span> <span class='ocrx_word' id='word_1_6' title='bbox 529 619 664 700; x_wconf 76' lang='lat' dir='ltr'>fortusse</span> <span class='ocrx_word' id='word_1_7' title='bbox 687 622 743 701; x_wconf 87' lang='lat' dir='ltr'>(sc.</span> <span class='ocrx_word' id='word_1_8' title='bbox 768 617 866 684; x_wconf 86' lang='lat' dir='ltr'>Gothi</span> <span class='ocrx_word' id='word_1_9' title='bbox 890 623 922 683; x_wconf 88' lang='lat' dir='ltr'>et</span> <span class='ocrx_word' id='word_1_10' title='bbox 944 619 1084 682; x_wconf 82' lang='lat' dir='ltr'><strong>Armenii</strong></span> <span class='ocrx_word' id='word_1_11' title='bbox 1107 619 1154 682; x_wconf 91' lang='lat' dir='ltr'>illi</span> <span class='ocrx_word' id='word_1_12' title='bbox 1183 619 1317 700; x_wconf 80' lang='lat' dir='ltr'>antiqui)</span> <span class='ocrx_word' id='word_1_13' title='bbox 1340 638 1411 682; x_wconf 83' lang='lat' dir='ltr'>uos</span> <span class='ocrx_word' id='word_1_14' title='bbox 1501 641 1502 646; x_wconf 46' lang='lat'>¹</span> 
     </span>
    </p>
   </div>
   <div class='ocr_carea' id='block_1_3' title="bbox 262 723 1414 2510">
    <p class='ocr_par' dir='ltr' id='par_1_3' title="bbox 262 723 1414 2510">
     <span class='ocr_line' id='line_1_3' title="bbox 265 723 1409 806; baseline -0.002 -19"><span class='ocrx_word' id='word_1_15' title='bbox 265 725 404 804; x_wconf 74' lang='lat' dir='ltr'>uincerat,</span> <span class='ocrx_word' id='word_1_16' title='bbox 428 729 463 788; x_wconf 84' lang='lat' dir='ltr'>ut</span> <span class='ocrx_word' id='word_1_17' title='bbox 479 729 663 806; x_wconf 78' lang='lat' dir='ltr'>praesentia</span> <span class='ocrx_word' id='word_1_18' title='bbox 686 727 802 799; x_wconf 83' lang='lat' dir='ltr'>docent,</span> <span class='ocrx_word' id='word_1_19' title='bbox 827 726 975 806; x_wconf 80' lang='lat' dir='ltr'>queniam</span> <span class='ocrx_word' id='word_1_20' title='bbox 994 745 1082 804; x_wconf 85' lang='lat' dir='ltr'>quam</span> <span class='ocrx_word' id='word_1_21' title='bbox 1101 725 1150 788; x_wconf 80' lang='lat' dir='ltr'>illi·</span> <span class='ocrx_word' id='word_1_22' title='bbox 1167 723 1319 787; x_wconf 80' lang='lat' dir='ltr'>oblatione</span> <span class='ocrx_word' id='word_1_23' title='bbox 1337 743 1409 787; x_wconf 83' lang='lat' dir='ltr'>sarr·</span> 
     </span>
     <span class='ocr_line' id='line_1_4' title="bbox 262 830 1411 914; baseline 0.001 -21"><span class='ocrx_word' id='word_1_24' title='bbox 262 833 373 914; x_wconf 77' lang='lat' dir='ltr'>quinis</span> <span class='ocrx_word' id='word_1_25' title='bbox 389 833 578 914; x_wconf 75' lang='lat' dir='ltr'><em>fatebantur</em></span> <span class='ocrx_word' id='word_1_26' title='bbox 599 832 672 896; x_wconf 82' lang='lat' dir='ltr'>huic</span> <span class='ocrx_word' id='word_1_27' title='bbox 690 832 829 896; x_wconf 79' lang='lat' dir='ltr'>Arriani</span> <span class='ocrx_word' id='word_1_28' title='bbox 852 831 1060 912; x_wconf 78' lang='lat' dir='ltr'>quaestionem</span> <span class='ocrx_word' id='word_1_29' title='bbox 1082 831 1205 912; x_wconf 75' lang='lat' dir='ltr'>queraris</span> <span class='ocrx_word' id='word_1_30' title='bbox 1226 830 1411 910; x_wconf 77' lang='lat' dir='ltr'>inferebant.</span> 
     </span>
     <span class='ocr_line' id='line_1_5' title="bbox 266 935 1412 1021; baseline -0.003 -19"><span class='ocrx_word' id='word_1_31' title='bbox 266 937 343 1002; x_wconf 87' lang='lat' dir='ltr'>satis</span> <span class='ocrx_word' id='word_1_32' title='bbox 376 941 465 1021; x_wconf 89' lang='lat' dir='ltr'>patet</span> <span class='ocrx_word' id='word_1_33' title='bbox 498 938 573 1021; x_wconf 89' lang='lat' dir='ltr'>quid</span> <span class='ocrx_word' id='word_1_34' title='bbox 607 937 784 1021; x_wconf 85' lang='lat' dir='ltr'>significare</span> <span class='ocrx_word' id='word_1_35' title='bbox 816 937 954 1001; x_wconf 90' lang='lat' dir='ltr'>noluerit</span> <span class='ocrx_word' id='word_1_36' title='bbox 981 935 1183 1010; x_wconf 68' lang='lat' dir='ltr'>Ambrosium</span> <span class='ocrx_word' id='word_1_37' title='bbox 1207 937 1412 1016; x_wconf 73' lang='lat' dir='ltr'>parentans</span> 
     </span>
     <span class='ocr_line' id='line_1_6' title="bbox 265 1041 1412 1126; baseline -0.002 -20"><span class='ocrx_word' id='word_1_38' title='bbox 265 1063 384 1106; x_wconf 84' lang='lat' dir='ltr'>accessa</span> <span class='ocrx_word' id='word_1_39' title='bbox 420 1049 475 1122; x_wconf 83' lang='lat' dir='ltr'>cst,</span> <span class='ocrx_word' id='word_1_40' title='bbox 509 1043 622 1126; x_wconf 83' lang='lat' dir='ltr'>inquit,</span> <span class='ocrx_word' id='word_1_41' title='bbox 651 1043 733 1126; x_wconf 79' lang='lat' dir='ltr'>qrrod</span> <span class='ocrx_word' id='word_1_42' title='bbox 764 1063 822 1106; x_wconf 84' lang='lat' dir='ltr'>aas</span> <span class='ocrx_word' id='word_1_43' title='bbox 849 1042 904 1106; x_wconf 84' lang='lat' dir='ltr'>hoa</span> <span class='ocrx_word' id='word_1_44' title='bbox 932 1047 1065 1123; x_wconf 76' lang='lat' dir='ltr'>ternpore</span> <span class='ocrx_word' id='word_1_45' title='bbox 1093 1041 1270 1106; x_wconf 55' lang='lat' dir='ltr'>firmanum</span> <span class='ocrx_word' id='word_1_46' title='bbox 1294 1048 1412 1122; x_wconf 78' lang='lat' dir='ltr'>pectam</span> 
     </span>
     <span class='ocr_line' id='line_1_7' title="bbox 267 1148 1412 1231; baseline 0 -19"><span class='ocrx_word' id='word_1_47' title='bbox 267 1150 374 1212; x_wconf 81' lang='lat' dir='ltr'>omnia</span> <span class='ocrx_word' id='word_1_48' title='bbox 405 1149 555 1214; x_wconf 70' lang='lat' dir='ltr'>intrudere</span> <span class='ocrx_word' id='word_1_49' title='bbox 583 1151 735 1231; x_wconf 80' lang='lat' dir='ltr'>patimur,</span> <span class='ocrx_word' id='word_1_50' title='bbox 769 1171 837 1212; x_wconf 84' lang='lat' dir='ltr'>cam</span> <span class='ocrx_word' id='word_1_51' title='bbox 868 1149 963 1211; x_wconf 81' lang='lat' dir='ltr'>radas</span> <span class='ocrx_word' id='word_1_52' title='bbox 991 1149 1064 1212; x_wconf 81' lang='lat' dir='ltr'>iliae</span> <span class='ocrx_word' id='word_1_53' title='bbox 1090 1170 1129 1212; x_wconf 88' lang='lat' dir='ltr'>aa</span> <span class='ocrx_word' id='word_1_54' title='bbox 1155 1148 1242 1228; x_wconf 82' lang='lat' dir='ltr'>seraa</span> <span class='ocrx_word' id='word_1_55' title='bbox 1268 1150 1412 1212; x_wconf 76' lang='lat' dir='ltr'>nationes</span> 
     </span>
     <span class='ocr_line' id='line_1_8' title="bbox 267 1256 1412 1342; baseline 0 -22"><span class='ocrx_word' id='word_1_56' title='bbox 267 1257 453 1337; x_wconf 77' lang='lat' dir='ltr'>iampridem</span> <span class='ocrx_word' id='word_1_57' title='bbox 471 1279 533 1338; x_wconf 79' lang='lat' dir='ltr'>pra</span> <span class='ocrx_word' id='word_1_58' title='bbox 556 1279 634 1320; x_wconf 84' lang='lat' dir='ltr'>aera</span> <span class='ocrx_word' id='word_1_59' title='bbox 649 1257 716 1340; x_wconf 83' lang='lat' dir='ltr'>fide</span> <span class='ocrx_word' id='word_1_60' title='bbox 738 1260 923 1339; x_wconf 74' lang='lat' dir='ltr'><em>sanquinem</em></span> <span class='ocrx_word' id='word_1_61' title='bbox 942 1256 1105 1320; x_wconf 84' lang='lat' dir='ltr'>obtrrlerr&#39;nt</span> <span class='ocrx_word' id='word_1_62' title='bbox 1116 1257 1165 1342; x_wconf 65' lang='grc'>12).</span> <span class='ocrx_word' id='word_1_63' title='bbox 1186 1277 1203 1320; x_wconf 90' lang='lat' dir='ltr'>a</span> <span class='ocrx_word' id='word_1_64' title='bbox 1221 1277 1281 1339; x_wconf 91' lang='lat' dir='ltr'>que</span> <span class='ocrx_word' id='word_1_65' title='bbox 1299 1257 1359 1320; x_wconf 83' lang='lat' dir='ltr'>hac</span> <span class='ocrx_word' id='word_1_66' title='bbox 1378 1276 1412 1320; x_wconf 83' lang='lat' dir='ltr'>ex</span> 
     </span>
     <span class='ocr_line' id='line_1_9' title="bbox 267 1363 1413 1446; baseline -0.002 -18"><span class='ocrx_word' id='word_1_67' title='bbox 267 1367 355 1446; x_wconf 89' lang='lat' dir='ltr'>parte</span> <span class='ocrx_word' id='word_1_68' title='bbox 380 1364 599 1429; x_wconf 84' lang='lat' dir='ltr'>difficultatem</span> <span class='ocrx_word' id='word_1_69' title='bbox 634 1365 731 1428; x_wconf 87' lang='lat' dir='ltr'>uerba</span> <span class='ocrx_word' id='word_1_70' title='bbox 762 1365 824 1428; x_wconf 90' lang='lat' dir='ltr'>ista</span> <span class='ocrx_word' id='word_1_71' title='bbox 856 1383 916 1428; x_wconf 90' lang='lat' dir='ltr'>non</span> <span class='ocrx_word' id='word_1_72' title='bbox 949 1363 1113 1446; x_wconf 81' lang='lat' dir='ltr'>praebant3</span> <span class='ocrx_word' id='word_1_73' title='bbox 1147 1363 1243 1428; x_wconf 92' lang='lat' dir='ltr'>immo</span> <span class='ocrx_word' id='word_1_74' title='bbox 1277 1364 1304 1426; x_wconf 76' lang='lat' dir='ltr'>si</span> <span class='ocrx_word' id='word_1_75' title='bbox 1338 1363 1413 1444; x_wconf 88' lang='lat' dir='ltr'>quid</span> 
     </span>
     <span class='ocr_line' id='line_1_10' title="bbox 268 1469 1411 1553; baseline -0.001 -20"><span class='ocrx_word' id='word_1_76' title='bbox 268 1469 467 1534; x_wconf 83' lang='lat' dir='ltr'>difficultatis</span> <span class='ocrx_word' id='word_1_77' title='bbox 486 1469 612 1548; x_wconf 88' lang='lat' dir='ltr'>habent,</span> <span class='ocrx_word' id='word_1_78' title='bbox 631 1471 662 1534; x_wconf 89' lang='lat' dir='ltr'>in</span> <span class='ocrx_word' id='word_1_79' title='bbox 677 1469 815 1553; x_wconf 82' lang='lat' dir='ltr'>Augusti</span> <span class='ocrx_word' id='word_1_80' title='bbox 835 1470 993 1534; x_wconf 87' lang='lat' dir='ltr'>mentione</span> <span class='ocrx_word' id='word_1_81' title='bbox 1012 1469 1129 1533; x_wconf 89' lang='lat' dir='ltr'>iniecta</span> <span class='ocrx_word' id='word_1_82' title='bbox 1147 1469 1179 1532; x_wconf 89' lang='lat' dir='ltr'>id</span> <span class='ocrx_word' id='word_1_83' title='bbox 1200 1469 1411 1551; x_wconf 86' lang='lat' dir='ltr'>quaerendum</span> 
     </span>
     <span class='ocr_line' id='line_1_11' title="bbox 268 1575 1411 1658; baseline 0 -20"><span class='ocrx_word' id='word_1_84' title='bbox 268 1577 327 1639; x_wconf 90' lang='lat' dir='ltr'>est.</span> <span class='ocrx_word' id='word_1_85' title='bbox 363 1576 477 1639; x_wconf 89' lang='lat' dir='ltr'>etenim</span> <span class='ocrx_word' id='word_1_86' title='bbox 511 1576 689 1658; x_wconf 82' lang='lat' dir='ltr'>quicunque</span> <span class='ocrx_word' id='word_1_87' title='bbox 718 1575 874 1640; x_wconf 85' lang='lat' dir='ltr'>sectiones</span> <span class='ocrx_word' id='word_1_88' title='bbox 903 1575 981 1638; x_wconf 90' lang='lat' dir='ltr'>istas</span> <span class='ocrx_word' id='word_1_89' title='bbox 1011 1575 1189 1658; x_wconf 85' lang='lat' dir='ltr'>perlegerit,</span> <span class='ocrx_word' id='word_1_90' title='bbox 1218 1575 1311 1638; x_wconf 85' lang='lat' dir='ltr'>facile</span> <span class='ocrx_word' id='word_1_91' title='bbox 1340 1595 1411 1640; x_wconf 92' lang='lat' dir='ltr'>con·</span> 
     </span>
     <span class='ocr_line' id='line_1_12' title="bbox 269 1679 1412 1756; baseline -0.001 -13"><span class='ocrx_word' id='word_1_92' title='bbox 269 1680 359 1745; x_wconf 90' lang='lat' dir='ltr'>cedet</span> <span class='ocrx_word' id='word_1_93' title='bbox 383 1699 507 1744; x_wconf 88' lang='lat' dir='ltr'>summo</span> <span class='ocrx_word' id='word_1_94' title='bbox 533 1681 637 1746; x_wconf 87' lang='lat' dir='ltr'>studio</span> <span class='ocrx_word' id='word_1_95' title='bbox 658 1680 689 1744; x_wconf 90' lang='lat' dir='ltr'>id</span> <span class='ocrx_word' id='word_1_96' title='bbox 714 1681 927 1744; x_wconf 87' lang='lat' dir='ltr'>demonstrare</span> <span class='ocrx_word' id='word_1_97' title='bbox 951 1679 1165 1756; x_wconf 81' lang='lat' dir='ltr'>Ambrosium,</span> <span class='ocrx_word' id='word_1_98' title='bbox 1191 1699 1319 1744; x_wconf 83' lang='lat' dir='ltr'>consum</span> <span class='ocrx_word' id='word_1_99' title='bbox 1352 1699 1412 1744; x_wconf 92' lang='lat' dir='ltr'>non</span> 
     </span>
     <span class='ocr_line' id='line_1_13' title="bbox 267 1785 1412 1870; baseline -0.003 -19"><span class='ocrx_word' id='word_1_100' title='bbox 267 1787 408 1870; x_wconf 86' lang='lat' dir='ltr'>Augusti</span> <span class='ocrx_word' id='word_1_101' title='bbox 437 1785 493 1850; x_wconf 90' lang='lat' dir='ltr'>sed</span> <span class='ocrx_word' id='word_1_102' title='bbox 522 1786 640 1852; x_wconf 79' lang='lat' dir='ltr'>Christi</span> <span class='ocrx_word' id='word_1_103' title='bbox 673 1805 752 1860; x_wconf 78' lang='lat' dir='ltr'>esse,</span> <span class='ocrx_word' id='word_1_104' title='bbox 786 1805 847 1851; x_wconf 92' lang='lat' dir='ltr'>non</span> <span class='ocrx_word' id='word_1_105' title='bbox 875 1786 1058 1869; x_wconf 84' lang='lat' dir='ltr'>Augustum</span> <span class='ocrx_word' id='word_1_106' title='bbox 1091 1785 1230 1850; x_wconf 90' lang='lat' dir='ltr'>barbaris</span> <span class='ocrx_word' id='word_1_107' title='bbox 1264 1785 1412 1868; x_wconf 85' lang='lat' dir='ltr'>gentihus</span> 
     </span>
     <span class='ocr_line' id='line_1_14' title="bbox 268 1892 1414 1976; baseline -0.002 -20"><span class='ocrx_word' id='word_1_108' title='bbox 268 1893 442 1976; x_wconf 82' lang='lat' dir='ltr'>imperasse</span> <span class='ocrx_word' id='word_1_109' title='bbox 475 1893 530 1957; x_wconf 90' lang='lat' dir='ltr'>sed</span> <span class='ocrx_word' id='word_1_110' title='bbox 564 1893 735 1958; x_wconf 86' lang='lat' dir='ltr'>Christum.</span> <span class='ocrx_word' id='word_1_111' title='bbox 768 1893 852 1974; x_wconf 93' lang='lat' dir='ltr'>quod</span> <span class='ocrx_word' id='word_1_112' title='bbox 885 1912 962 1957; x_wconf 87' lang='lat' dir='ltr'>casu</span> <span class='ocrx_word' id='word_1_113' title='bbox 993 1895 1117 1956; x_wconf 91' lang='lat' dir='ltr'>tantum</span> <span class='ocrx_word' id='word_1_114' title='bbox 1155 1893 1205 1957; x_wconf 88' lang='lat' dir='ltr'>uel</span> <span class='ocrx_word' id='word_1_115' title='bbox 1242 1893 1309 1957; x_wconf 91' lang='lat' dir='ltr'>sine</span> <span class='ocrx_word' id='word_1_116' title='bbox 1348 1892 1414 1956; x_wconf 91' lang='lat' dir='ltr'>ulla</span> 
     </span>
     <span class='ocr_line' id='line_1_15' title="bbox 269 1997 1412 2083; baseline -0.003 -19"><span class='ocrx_word' id='word_1_117' title='bbox 269 2017 366 2064; x_wconf 85' lang='lat' dir='ltr'>causa</span> <span class='ocrx_word' id='word_1_118' title='bbox 389 1999 440 2063; x_wconf 90' lang='lat' dir='ltr'>hic</span> <span class='ocrx_word' id='word_1_119' title='bbox 464 1999 604 2083; x_wconf 89' lang='lat' dir='ltr'>positum</span> <span class='ocrx_word' id='word_1_120' title='bbox 629 2020 698 2064; x_wconf 90' lang='lat' dir='ltr'>esse</span> <span class='ocrx_word' id='word_1_121' title='bbox 723 1999 845 2082; x_wconf 88' lang='lat' dir='ltr'>siquis</span> <span class='ocrx_word' id='word_1_122' title='bbox 870 1999 932 2064; x_wconf 89' lang='lat' dir='ltr'>sibi</span> <span class='ocrx_word' id='word_1_123' title='bbox 954 1999 1157 2082; x_wconf 85' lang='lat' dir='ltr'>persuaserit,</span> <span class='ocrx_word' id='word_1_124' title='bbox 1182 1999 1310 2063; x_wconf 90' lang='lat' dir='ltr'>habeat:</span> <span class='ocrx_word' id='word_1_125' title='bbox 1335 1997 1412 2062; x_wconf 90' lang='lat' dir='ltr'>mihi</span> 
     </span>
     <span class='ocr_line' id='line_1_16' title="bbox 270 2103 1413 2191; baseline -0.001 -22"><span class='ocrx_word' id='word_1_126' title='bbox 270 2125 331 2170; x_wconf 91' lang='lat' dir='ltr'>non</span> <span class='ocrx_word' id='word_1_127' title='bbox 352 2105 563 2187; x_wconf 89' lang='lat' dir='ltr'>persuadebit.</span> <span class='ocrx_word' id='word_1_128' title='bbox 580 2107 846 2190; x_wconf 79' lang='lat' dir='ltr'>circumspicienti</span> <span class='ocrx_word' id='word_1_129' title='bbox 860 2106 959 2191; x_wconf 87' lang='lat' dir='ltr'>igitur</span> <span class='ocrx_word' id='word_1_130' title='bbox 973 2105 1100 2188; x_wconf 91' lang='lat' dir='ltr'>quinam</span> <span class='ocrx_word' id='word_1_131' title='bbox 1114 2106 1284 2186; x_wconf 90' lang='lat' dir='ltr'>imperator</span> <span class='ocrx_word' id='word_1_132' title='bbox 1298 2103 1413 2169; x_wconf 81' lang='lat' dir='ltr'>Gothis</span> 
     </span>
     <span class='ocr_line' id='line_1_17' title="bbox 269 2210 1413 2296; baseline -0.003 -21"><span class='ocrx_word' id='word_1_133' title='bbox 269 2217 301 2276; x_wconf 89' lang='lat' dir='ltr'>et</span> <span class='ocrx_word' id='word_1_134' title='bbox 323 2213 479 2277; x_wconf 87' lang='lat' dir='ltr'>Armeniis</span> <span class='ocrx_word' id='word_1_135' title='bbox 508 2213 679 2296; x_wconf 86' lang='lat' dir='ltr'>imperasse</span> <span class='ocrx_word' id='word_1_136' title='bbox 706 2213 866 2296; x_wconf 86' lang='lat' dir='ltr'>putandus</span> <span class='ocrx_word' id='word_1_137' title='bbox 896 2213 947 2290; x_wconf 82' lang='lat' dir='ltr'>sit,</span> <span class='ocrx_word' id='word_1_138' title='bbox 977 2212 1085 2276; x_wconf 84' lang='lat' dir='ltr'>statim</span> <span class='ocrx_word' id='word_1_139' title='bbox 1114 2211 1145 2276; x_wconf 90' lang='lat' dir='ltr'>in</span> <span class='ocrx_word' id='word_1_140' title='bbox 1174 2216 1312 2276; x_wconf 87' lang='lat' dir='ltr'>mentem</span> <span class='ocrx_word' id='word_1_141' title='bbox 1335 2210 1413 2276; x_wconf 87' lang='lat' dir='ltr'>mihi</span> 
     </span>
     <span class='ocr_line' id='line_1_18' title="bbox 272 2317 1412 2405; baseline 0.002 -23"><span class='ocrx_word' id='word_1_142' title='bbox 272 2319 359 2384; x_wconf 89' lang='lat' dir='ltr'>uenit</span> <span class='ocrx_word' id='word_1_143' title='bbox 386 2320 495 2384; x_wconf 89' lang='lat' dir='ltr'>Pacati</span> <span class='ocrx_word' id='word_1_144' title='bbox 523 2321 730 2405; x_wconf 85' lang='lat' dir='ltr'>panegyricus</span> <span class='ocrx_word' id='word_1_145' title='bbox 759 2321 790 2384; x_wconf 87' lang='lat' dir='ltr'>in</span> <span class='ocrx_word' id='word_1_146' title='bbox 819 2319 1033 2384; x_wconf 82' lang='lat' dir='ltr'>Theodosium</span> <span class='ocrx_word' id='word_1_147' title='bbox 1060 2338 1086 2384; x_wconf 89' lang='lat' dir='ltr'>a.</span> <span class='ocrx_word' id='word_1_148' title='bbox 1116 2319 1179 2383; x_wconf 87' lang='grc'>389</span> <span class='ocrx_word' id='word_1_149' title='bbox 1211 2317 1349 2394; x_wconf 80' lang='lat' dir='ltr'>habitus,</span> <span class='ocrx_word' id='word_1_150' title='bbox 1382 2319 1412 2384; x_wconf 91' lang='lat' dir='ltr'>in</span> 
     </span>
     <span class='ocr_line' id='line_1_19' title="bbox 271 2426 1414 2510; baseline 0.002 -22"><span class='ocrx_word' id='word_1_151' title='bbox 271 2426 362 2490; x_wconf 88' lang='lat' dir='ltr'>cuius</span> <span class='ocrx_word' id='word_1_152' title='bbox 396 2447 420 2492; x_wconf 86' lang='lat' dir='ltr'>s.</span> <span class='ocrx_word' id='word_1_153' title='bbox 454 2429 495 2492; x_wconf 84' lang='lat'>22</span> <span class='ocrx_word' id='word_1_154' title='bbox 529 2428 606 2492; x_wconf 89' lang='lat' dir='ltr'>haec</span> <span class='ocrx_word' id='word_1_155' title='bbox 637 2428 801 2510; x_wconf 87' lang='lat' dir='ltr'>leguntur:</span> <span class='ocrx_word' id='word_1_156' title='bbox 835 2426 978 2490; x_wconf 82' lang='lat' dir='ltr'>dicamne</span> <span class='ocrx_word' id='word_1_157' title='bbox 1010 2446 1061 2507; x_wconf 76' lang='lat' dir='ltr'>eqo</span> <span class='ocrx_word' id='word_1_158' title='bbox 1093 2430 1229 2505; x_wconf 80' lang='lat' dir='ltr'>racqrtos</span> <span class='ocrx_word' id='word_1_159' title='bbox 1260 2426 1414 2490; x_wconf 80' lang='lat' dir='ltr'>seruitum</span> 
     </span>
    </p>
   </div>
   <div class='ocr_carea' id='block_1_4' title="bbox 274 2530 1507 2616">
    <p class='ocr_par' dir='ltr' id='par_1_4' title="bbox 274 2530 1507 2616">
     <span class='ocr_line' id='line_1_20' title="bbox 274 2530 1507 2616; baseline 0.003 -24"><span class='ocrx_word' id='word_1_160' title='bbox 274 2531 391 2596; x_wconf 79' lang='lat' dir='ltr'>Gothos</span> <span class='ocrx_word' id='word_1_161' title='bbox 419 2534 534 2597; x_wconf 77' lang='lat' dir='ltr'>castris</span> <span class='ocrx_word' id='word_1_162' title='bbox 561 2536 624 2598; x_wconf 85' lang='lat' dir='ltr'>tuis</span> <span class='ocrx_word' id='word_1_163' title='bbox 649 2532 780 2596; x_wconf 80' lang='lat' dir='ltr'>milite-m</span> <span class='ocrx_word' id='word_1_164' title='bbox 809 2533 901 2596; x_wconf 71' lang='lat' dir='ltr'>raas</span> <span class='ocrx_word' id='word_1_165' title='bbox 926 2530 1066 2616; x_wconf 81' lang='lat' dir='ltr'>sufficere</span> <span class='ocrx_word' id='word_1_166' title='bbox 1095 2530 1261 2595; x_wconf 78' lang='lat' dir='ltr'>cultorem?</span> <span class='ocrx_word' id='word_1_167' title='bbox 1288 2535 1414 2614; x_wconf 88' lang='lat' dir='ltr'>etpost</span> <span class='ocrx_word' id='word_1_168' title='bbox 1506 2571 1507 2578; x_wconf 24' lang='grc' dir='ltr'><strong>κ</strong></span> 
     </span>
    </p>
   </div>
   <div class='ocr_carea' id='block_1_5' title="bbox 268 2637 1415 4104">
    <p class='ocr_par' dir='ltr' id='par_1_5' title="bbox 268 2637 1415 4104">
     <span class='ocr_line' id='line_1_21' title="bbox 268 2637 1414 2720; baseline 0.001 -18"><span class='ocrx_word' id='word_1_169' title='bbox 268 2657 384 2720; x_wconf 88' lang='lat' dir='ltr'>pauca:</span> <span class='ocrx_word' id='word_1_170' title='bbox 418 2637 528 2702; x_wconf 78' lang='lat' dir='ltr'>Persis</span> <span class='ocrx_word' id='word_1_171' title='bbox 559 2641 630 2719; x_wconf 81' lang='lat' dir='ltr'>ipsa</span> <span class='ocrx_word' id='word_1_172' title='bbox 665 2677 707 2684; x_wconf 88' lang='lat'><em>-</em></span> <span class='ocrx_word' id='word_1_173' title='bbox 738 2675 793 2716; x_wconf 86' lang='lat'>-—‚</span> <span class='ocrx_word' id='word_1_174' title='bbox 827 2639 974 2719; x_wconf 81' lang='lat' dir='ltr'>quicquid</span> <span class='ocrx_word' id='word_1_175' title='bbox 1006 2658 1154 2719; x_wconf 80' lang='lat' dir='ltr'>umqrram</span> <span class='ocrx_word' id='word_1_176' title='bbox 1185 2638 1221 2700; x_wconf 81' lang='lat' dir='ltr'>a&#39;u</span> <span class='ocrx_word' id='word_1_177' title='bbox 1253 2639 1414 2719; x_wconf 76' lang='lat' dir='ltr'>prirrca&#39;pac</span> 
     </span>
     <span class='ocr_line' id='line_1_22' title="bbox 268 2743 1414 2827; baseline 0.003 -21"><span class='ocrx_word' id='word_1_178' title='bbox 268 2748 390 2808; x_wconf 80' lang='lat' dir='ltr'>nostras</span> <span class='ocrx_word' id='word_1_179' title='bbox 411 2746 626 2810; x_wconf 81' lang='lat' dir='ltr'>trtclerucntius</span> <span class='ocrx_word' id='word_1_180' title='bbox 648 2745 729 2826; x_wconf 75' lang='lat' dir='ltr'>lacit,</span> <span class='ocrx_word' id='word_1_181' title='bbox 754 2749 879 2810; x_wconf 68' lang='lat' dir='ltr'>decucat</span> <span class='ocrx_word' id='word_1_182' title='bbox 906 2745 1063 2826; x_wconf 62' lang='lat' dir='ltr'>obsequia·</span> <span class='ocrx_word' id='word_1_183' title='bbox 1091 2743 1285 2827; x_wconf 86' lang='lat' dir='ltr'>eundemque</span> <span class='ocrx_word' id='word_1_184' title='bbox 1313 2744 1414 2810; x_wconf 81' lang='lat' dir='ltr'>Theo·</span> 
     </span>
     <span class='ocr_line' id='line_1_23' title="bbox 269 2849 1412 2934; baseline 0.002 -20"><span class='ocrx_word' id='word_1_185' title='bbox 269 2849 392 2914; x_wconf 89' lang='lat' dir='ltr'>dasium</span> <span class='ocrx_word' id='word_1_186' title='bbox 417 2855 544 2933; x_wconf 92' lang='lat' dir='ltr'>propter</span> <span class='ocrx_word' id='word_1_187' title='bbox 568 2850 690 2916; x_wconf 87' lang='lat' dir='ltr'>Gothos</span> <span class='ocrx_word' id='word_1_188' title='bbox 718 2854 862 2934; x_wconf 89' lang='lat' dir='ltr'>receptos</span> <span class='ocrx_word' id='word_1_189' title='bbox 886 2850 1092 2928; x_wconf 68' lang='lat' dir='ltr'>&#39;themistius</span> <span class='ocrx_word' id='word_1_190' title='bbox 1117 2851 1171 2932; x_wconf 93' lang='lat' dir='ltr'>qui</span> <span class='ocrx_word' id='word_1_191' title='bbox 1196 2849 1330 2932; x_wconf 85' lang='lat' dir='ltr'>Scythas</span> <span class='ocrx_word' id='word_1_192' title='bbox 1359 2871 1412 2916; x_wconf 90' lang='lat' dir='ltr'>eas</span> 
     </span>
     <span class='ocr_line' id='line_1_24' title="bbox 268 2957 1413 3039; baseline 0.001 -18"><span class='ocrx_word' id='word_1_193' title='bbox 268 2957 417 3039; x_wconf 72' lang='lat' dir='ltr'>aspellat,</span> <span class='ocrx_word' id='word_1_194' title='bbox 441 2958 472 3022; x_wconf 93' lang='lat' dir='ltr'>in</span> <span class='ocrx_word' id='word_1_195' title='bbox 497 2959 636 3022; x_wconf 87' lang='lat' dir='ltr'>oratione</span> <span class='ocrx_word' id='word_1_196' title='bbox 656 2958 731 3022; x_wconf 91' lang='lat' dir='ltr'>XVI</span> <span class='ocrx_word' id='word_1_197' title='bbox 754 2979 782 3022; x_wconf 84' lang='lat' dir='ltr'>a.</span> <span class='ocrx_word' id='word_1_198' title='bbox 803 2958 867 3023; x_wconf 87' lang='lat'>383</span> <span class='ocrx_word' id='word_1_199' title='bbox 886 2957 995 3022; x_wconf 91' lang='lat' dir='ltr'>hahita</span> <span class='ocrx_word' id='word_1_200' title='bbox 1017 2957 1126 3022; x_wconf 89' lang='lat' dir='ltr'>laudat</span> <span class='ocrx_word' id='word_1_201' title='bbox 1144 2961 1185 3038; x_wconf 90' lang='lat' dir='ltr'>(p.</span> <span class='ocrx_word' id='word_1_202' title='bbox 1205 2957 1281 3035; x_wconf 78' lang='lat'><strong>256,</strong></span> <span class='ocrx_word' id='word_1_203' title='bbox 1302 2959 1342 3022; x_wconf 82' lang='lat'>21</span> <span class='ocrx_word' id='word_1_204' title='bbox 1366 2977 1413 3039; x_wconf 88' lang='lat' dir='ltr'>sq.</span> 
     </span>
     <span class='ocr_line' id='line_1_25' title="bbox 269 3063 1413 3144; baseline 0.002 -18"><span class='ocrx_word' id='word_1_205' title='bbox 269 3063 315 3128; x_wconf 88' lang='lat' dir='ltr'>ed.</span> <span class='ocrx_word' id='word_1_206' title='bbox 349 3063 465 3144; x_wconf 82' lang='lat' dir='ltr'>Diod),</span> <span class='ocrx_word' id='word_1_207' title='bbox 497 3064 679 3129; x_wconf 81' lang='lat' dir='ltr'>Armeniam</span> <span class='ocrx_word' id='word_1_208' title='bbox 708 3068 814 3128; x_wconf 89' lang='lat' dir='ltr'>autem</span> <span class='ocrx_word' id='word_1_209' title='bbox 844 3064 1009 3130; x_wconf 87' lang='lat' dir='ltr'>Caesarem</span> <span class='ocrx_word' id='word_1_210' title='bbox 1037 3064 1127 3128; x_wconf 88' lang='lat' dir='ltr'>breui</span> <span class='ocrx_word' id='word_1_211' title='bbox 1154 3067 1413 3144; x_wconf 88' lang='lat' dir='ltr'>recuperaturum</span> 
     </span>
     <span class='ocr_line' id='line_1_26' title="bbox 270 3169 1414 3254; baseline 0.003 -20"><span class='ocrx_word' id='word_1_212' title='bbox 270 3189 338 3234; x_wconf 91' lang='lat' dir='ltr'>esse</span> <span class='ocrx_word' id='word_1_213' title='bbox 373 3169 503 3234; x_wconf 90' lang='lat' dir='ltr'>confidit</span> <span class='ocrx_word' id='word_1_214' title='bbox 530 3174 570 3254; x_wconf 87' lang='lat' dir='ltr'>(p.</span> <span class='ocrx_word' id='word_1_215' title='bbox 601 3173 675 3246; x_wconf 78' lang='lat'>259,</span> <span class='ocrx_word' id='word_1_216' title='bbox 702 3172 740 3248; x_wconf 88' lang='grc'>7).</span> <span class='ocrx_word' id='word_1_217' title='bbox 765 3179 859 3254; x_wconf 89' lang='lat' dir='ltr'>atque</span> <span class='ocrx_word' id='word_1_218' title='bbox 887 3191 920 3236; x_wconf 90' lang='lat' dir='ltr'>re</span> <span class='ocrx_word' id='word_1_219' title='bbox 948 3189 1024 3235; x_wconf 87' lang='lat' dir='ltr'>uera</span> <span class='ocrx_word' id='word_1_220' title='bbox 1052 3169 1219 3253; x_wconf 85' lang='lat' dir='ltr'>partitione</span> <span class='ocrx_word' id='word_1_221' title='bbox 1248 3169 1303 3234; x_wconf 92' lang='lat' dir='ltr'>illa</span> <span class='ocrx_word' id='word_1_222' title='bbox 1330 3171 1414 3236; x_wconf 86' lang='lat' dir='ltr'>facta</span> 
     </span>
     <span class='ocr_line' id='line_1_27' title="bbox 270 3275 1413 3360; baseline 0.003 -21"><span class='ocrx_word' id='word_1_223' title='bbox 270 3295 297 3339; x_wconf 89' lang='lat' dir='ltr'>a.</span> <span class='ocrx_word' id='word_1_224' title='bbox 317 3277 382 3340; x_wconf 85' lang='lat' dir='ltr'>sere</span> <span class='ocrx_word' id='word_1_225' title='bbox 401 3277 465 3341; x_wconf 86' lang='grc'>387</span> <span class='ocrx_word' id='word_1_226' title='bbox 485 3275 538 3356; x_wconf 85' lang='lat' dir='ltr'>(ci.</span> <span class='ocrx_word' id='word_1_227' title='bbox 558 3295 638 3357; x_wconf 91' lang='lat' dir='ltr'>quae</span> <span class='ocrx_word' id='word_1_228' title='bbox 657 3276 888 3360; x_wconf 86' lang='lat' dir='ltr'>Baumgartner</span> <span class='ocrx_word' id='word_1_229' title='bbox 916 3275 1062 3357; x_wconf 84' lang='lat' dir='ltr'>exposuit</span> <span class='ocrx_word' id='word_1_230' title='bbox 1088 3275 1119 3340; x_wconf 91' lang='lat' dir='ltr'>in</span> <span class='ocrx_word' id='word_1_231' title='bbox 1143 3275 1413 3358; x_wconf 76' lang='lat' dir='ltr'>Pauly-wissara</span> 
     </span>
     <span class='ocr_line' id='line_1_28' title="bbox 268 3381 1414 3464; baseline 0.002 -18"><span class='ocrx_word' id='word_1_232' title='bbox 268 3381 589 3464; x_wconf 83' lang='lat' dir='ltr'>Realencyclopaedie</span> <span class='ocrx_word' id='word_1_233' title='bbox 607 3383 639 3446; x_wconf 87' lang='grc' dir='ltr'>ΙΙ</span> <span class='ocrx_word' id='word_1_234' title='bbox 658 3384 741 3446; x_wconf 84' lang='grc'>1185</span> <span class='ocrx_word' id='word_1_235' title='bbox 761 3384 822 3464; x_wconf 87' lang='lat' dir='ltr'>sq.)</span> <span class='ocrx_word' id='word_1_236' title='bbox 841 3387 964 3446; x_wconf 86' lang='lat' dir='ltr'>ueteres</span> <span class='ocrx_word' id='word_1_237' title='bbox 983 3381 1064 3445; x_wconf 88' lang='lat' dir='ltr'>inter</span> <span class='ocrx_word' id='word_1_238' title='bbox 1078 3381 1191 3447; x_wconf 88' lang='lat' dir='ltr'>Persas</span> <span class='ocrx_word' id='word_1_239' title='bbox 1211 3387 1242 3446; x_wconf 90' lang='lat' dir='ltr'>et</span> <span class='ocrx_word' id='word_1_240' title='bbox 1255 3382 1414 3448; x_wconf 88' lang='lat' dir='ltr'>Romanos</span> 
     </span>
     <span class='ocr_line' id='line_1_29' title="bbox 268 3489 1414 3570; baseline 0.003 -19"><span class='ocrx_word' id='word_1_241' title='bbox 268 3489 342 3552; x_wconf 91' lang='lat' dir='ltr'>lites</span> <span class='ocrx_word' id='word_1_242' title='bbox 376 3489 568 3570; x_wconf 89' lang='lat' dir='ltr'>compositae</span> <span class='ocrx_word' id='word_1_243' title='bbox 603 3491 678 3552; x_wconf 90' lang='lat' dir='ltr'>sunt</span> <span class='ocrx_word' id='word_1_244' title='bbox 710 3489 920 3570; x_wconf 85' lang='lat' dir='ltr'>affectumque</span> <span class='ocrx_word' id='word_1_245' title='bbox 950 3491 1008 3564; x_wconf 89' lang='lat' dir='ltr'>est,</span> <span class='ocrx_word' id='word_1_246' title='bbox 1037 3490 1074 3552; x_wconf 87' lang='lat' dir='ltr'>ut</span> <span class='ocrx_word' id='word_1_247' title='bbox 1106 3507 1216 3552; x_wconf 90' lang='lat' dir='ltr'>secura</span> <span class='ocrx_word' id='word_1_248' title='bbox 1247 3489 1414 3555; x_wconf 84' lang='lat' dir='ltr'>Armeniae</span> 
     </span>
     <span class='ocr_line' id='line_1_30' title="bbox 269 3594 1414 3678; baseline 0.002 -20"><span class='ocrx_word' id='word_1_249' title='bbox 269 3594 470 3677; x_wconf 87' lang='lat' dir='ltr'>possessione</span> <span class='ocrx_word' id='word_1_250' title='bbox 497 3594 569 3658; x_wconf 91' lang='lat' dir='ltr'>inda</span> <span class='ocrx_word' id='word_1_251' title='bbox 597 3595 636 3658; x_wconf 88' lang='lat' dir='ltr'>ab</span> <span class='ocrx_word' id='word_1_252' title='bbox 666 3595 725 3660; x_wconf 89' lang='lat' dir='ltr'>hoc</span> <span class='ocrx_word' id='word_1_253' title='bbox 753 3599 895 3678; x_wconf 88' lang='lat' dir='ltr'>tempore</span> <span class='ocrx_word' id='word_1_254' title='bbox 923 3594 1055 3660; x_wconf 89' lang='lat' dir='ltr'>Romani</span> <span class='ocrx_word' id='word_1_255' title='bbox 1087 3595 1273 3660; x_wconf 87' lang='lat' dir='ltr'>fruerentur.</span> <span class='ocrx_word' id='word_1_256' title='bbox 1306 3597 1414 3678; x_wconf 91' lang='lat' dir='ltr'>itaque</span> 
     </span>
     <span class='ocr_line' id='line_1_31' title="bbox 270 3700 1414 3778; baseline 0.001 -14"><span class='ocrx_word' id='word_1_257' title='bbox 270 3719 342 3764; x_wconf 92' lang='lat' dir='ltr'>oum</span> <span class='ocrx_word' id='word_1_258' title='bbox 363 3701 394 3764; x_wconf 92' lang='lat' dir='ltr'>in</span> <span class='ocrx_word' id='word_1_259' title='bbox 414 3700 592 3766; x_wconf 82' lang='lat' dir='ltr'>Theodosio</span> <span class='ocrx_word' id='word_1_260' title='bbox 613 3702 675 3766; x_wconf 89' lang='lat' dir='ltr'>ista</span> <span class='ocrx_word' id='word_1_261' title='bbox 694 3702 821 3766; x_wconf 88' lang='lat' dir='ltr'>laudare</span> <span class='ocrx_word' id='word_1_262' title='bbox 842 3701 965 3766; x_wconf 87' lang='lat' dir='ltr'>soleant</span> <span class='ocrx_word' id='word_1_263' title='bbox 983 3701 1172 3778; x_wconf 70' lang='lat' dir='ltr'>adulatores</span> <span class='ocrx_word' id='word_1_264' title='bbox 1192 3701 1230 3765; x_wconf 88' lang='lat' dir='ltr'>ab</span> <span class='ocrx_word' id='word_1_265' title='bbox 1246 3703 1414 3767; x_wconf 88' lang='lat' dir='ltr'>Ambrosio</span> 
     </span>
     <span class='ocr_line' id='line_1_32' title="bbox 270 3807 1415 3892; baseline 0.003 -22"><span class='ocrx_word' id='word_1_266' title='bbox 270 3807 367 3870; x_wconf 92' lang='lat' dir='ltr'>uerba</span> <span class='ocrx_word' id='word_1_267' title='bbox 399 3807 455 3870; x_wconf 88' lang='lat' dir='ltr'>illa</span> <span class='ocrx_word' id='word_1_268' title='bbox 488 3807 525 3871; x_wconf 92' lang='lat' dir='ltr'>de</span> <span class='ocrx_word' id='word_1_269' title='bbox 559 3808 674 3889; x_wconf 91' lang='lat' dir='ltr'>quihus</span> <span class='ocrx_word' id='word_1_270' title='bbox 708 3809 813 3892; x_wconf 86' lang='lat' dir='ltr'>agitur</span> <span class='ocrx_word' id='word_1_271' title='bbox 846 3811 953 3872; x_wconf 87' lang='lat' dir='ltr'>cantra</span> <span class='ocrx_word' id='word_1_272' title='bbox 980 3807 1194 3872; x_wconf 82' lang='lat' dir='ltr'>Theodosium</span> <span class='ocrx_word' id='word_1_273' title='bbox 1228 3808 1313 3873; x_wconf 88' lang='lat' dir='ltr'>dicta</span> <span class='ocrx_word' id='word_1_274' title='bbox 1344 3829 1415 3874; x_wconf 86' lang='lat' dir='ltr'>esse</span> 
     </span>
     <span class='ocr_line' id='line_1_33' title="bbox 269 3912 1414 3997; baseline 0.003 -20"><span class='ocrx_word' id='word_1_275' title='bbox 269 3912 419 3977; x_wconf 88' lang='lat' dir='ltr'>uidentur</span> <span class='ocrx_word' id='word_1_276' title='bbox 450 3913 535 3977; x_wconf 93' lang='lat' dir='ltr'>haud</span> <span class='ocrx_word' id='word_1_277' title='bbox 568 3915 669 3978; x_wconf 89' lang='lat' dir='ltr'>multo</span> <span class='ocrx_word' id='word_1_278' title='bbox 704 3919 778 3997; x_wconf 89' lang='lat' dir='ltr'>post</span> <span class='ocrx_word' id='word_1_279' title='bbox 811 3935 838 3980; x_wconf 88' lang='lat' dir='ltr'>a.</span> <span class='ocrx_word' id='word_1_280' title='bbox 872 3916 947 3978; x_wconf 83' lang='lat'><strong>387.</strong></span> <span class='ocrx_word' id='word_1_281' title='bbox 981 3914 1065 3996; x_wconf 92' lang='lat' dir='ltr'>quod</span> <span class='ocrx_word' id='word_1_282' title='bbox 1097 3915 1127 3978; x_wconf 91' lang='lat' dir='ltr'>in</span> <span class='ocrx_word' id='word_1_283' title='bbox 1161 3915 1328 3980; x_wconf 81' lang='lat' dir='ltr'>Ambrosio</span> <span class='ocrx_word' id='word_1_284' title='bbox 1361 3917 1414 3981; x_wconf 84' lang='lat' dir='ltr'>uix</span> 
     </span>
     <span class='ocr_line' id='line_1_34' title="bbox 270 4019 1414 4104; baseline 0.003 -22"><span class='ocrx_word' id='word_1_285' title='bbox 270 4019 404 4098; x_wconf 75' lang='lat' dir='ltr'>mireris,</span> <span class='ocrx_word' id='word_1_286' title='bbox 440 4020 555 4104; x_wconf 87' lang='lat' dir='ltr'>quippe</span> <span class='ocrx_word' id='word_1_287' title='bbox 589 4041 681 4102; x_wconf 90' lang='lat' dir='ltr'>quem</span> <span class='ocrx_word' id='word_1_288' title='bbox 715 4025 791 4085; x_wconf 89' lang='lat' dir='ltr'>tunc</span> <span class='ocrx_word' id='word_1_289' title='bbox 822 4039 923 4102; x_wconf 89' lang='lat' dir='ltr'>usque</span> <span class='ocrx_word' id='word_1_290' title='bbox 956 4019 995 4084; x_wconf 91' lang='lat' dir='ltr'>ad</span> <span class='ocrx_word' id='word_1_291' title='bbox 1028 4039 1054 4085; x_wconf 92' lang='lat' dir='ltr'>a.</span> <span class='ocrx_word' id='word_1_292' title='bbox 1084 4023 1148 4084; x_wconf 82' lang='lat'>390</span> <span class='ocrx_word' id='word_1_293' title='bbox 1182 4022 1308 4104; x_wconf 89' lang='lat' dir='ltr'>saepius</span> <span class='ocrx_word' id='word_1_294' title='bbox 1341 4042 1414 4086; x_wconf 91' lang='lat' dir='ltr'>cum</span> 
     </span>
    </p>
   </div>
   <div class='ocr_carea' id='block_1_6' title="bbox 272 4227 1413 4374">
    <p class='ocr_par' dir='ltr' id='par_1_6' title="bbox 272 4227 1413 4374">
     <span class='ocr_line' id='line_1_35' title="bbox 316 4227 1413 4301; baseline 0.002 -17"><span class='ocrx_word' id='word_1_295' title='bbox 316 4227 346 4296; x_wconf 76' lang='lat'>¹²)</span> <span class='ocrx_word' id='word_1_296' title='bbox 366 4228 406 4285; x_wconf 86' lang='lat' dir='ltr'>Ci.</span> <span class='ocrx_word' id='word_1_297' title='bbox 426 4233 566 4300; x_wconf 87' lang='lat' dir='ltr'>practerea</span> <span class='ocrx_word' id='word_1_298' title='bbox 585 4247 652 4300; x_wconf 87' lang='lat' dir='ltr'>quae</span> <span class='ocrx_word' id='word_1_299' title='bbox 671 4231 800 4300; x_wconf 77' lang='lat' dir='ltr'>leguntur</span> <span class='ocrx_word' id='word_1_300' title='bbox 818 4231 879 4296; x_wconf 77' lang='lat'>460,</span> <span class='ocrx_word' id='word_1_301' title='bbox 894 4231 928 4283; x_wconf 84' lang='lat'>20</span> <span class='ocrx_word' id='word_1_302' title='bbox 944 4231 1083 4300; x_wconf 63' lang='lat' dir='ltr'>manacta·</span> <span class='ocrx_word' id='word_1_303' title='bbox 1099 4231 1280 4301; x_wconf 81' lang='lat' dir='ltr'>praedicatio,</span> <span class='ocrx_word' id='word_1_304' title='bbox 1294 4231 1339 4286; x_wconf 84' lang='lat' dir='ltr'>cui</span> <span class='ocrx_word' id='word_1_305' title='bbox 1356 4231 1413 4286; x_wconf 76' lang='lat' dir='ltr'>iam</span> 
     </span>
     <span class='ocr_line' id='line_1_36' title="bbox 272 4317 741 4374; baseline 0 -2"><span class='ocrx_word' id='word_1_306' title='bbox 272 4317 357 4372; x_wconf 85' lang='lat' dir='ltr'>Gothi</span> <span class='ocrx_word' id='word_1_307' title='bbox 375 4325 401 4372; x_wconf 85' lang='lat' dir='ltr'>ct</span> <span class='ocrx_word' id='word_1_308' title='bbox 418 4320 544 4374; x_wconf 75' lang='lat' dir='ltr'>Amnenh&#39;</span> <span class='ocrx_word' id='word_1_309' title='bbox 562 4319 741 4372; x_wconf 79' lang='lat' dir='ltr'>crediderunt.</span> 
     </span>
    </p>
   </div>
   <div class='ocr_carea' id='block_1_7' title="bbox 0 0 1534 4918">
    <p class='ocr_par' dir='ltr' id='par_1_7' title="bbox 0 0 1534 4918">
     <span class='ocr_line' id='line_1_37' title="bbox 0 0 1534 4918; baseline 0 0"><span class='ocrx_word' id='word_1_310' title='bbox 0 0 1534 4918; x_wconf 95' lang='lat' dir='ltr'> </span> 
     </span>
    </p>
   </div>
  </div>
 </body>
</html>
