3050 4936
305 456 447 526 Expositis
467 457 602 526 euangelii
621 457 711 510 Lucae
729 457 752 510 X
771 458 878 512 85-90
896 457 978 524 (1522
999 455 1126 512 0-1523
1147 457 1187 526 C).
1255 462 1320 526 489

175 651 359 716 recordatus
379 655 438 728 est,
453 655 485 716 et
498 655 603 715 tamen
620 651 717 718 fleuit.
732 652 847 716 maluit
867 652 950 716 enim
968 652 1038 735 ipse
1058 673 1153 718 suum
1172 671 1320 718 accusare
1340 665 1361 718 x

174 761 351 840 peccatum,
380 761 417 820 ut
444 757 671 822 iustificaretur
697 759 824 822 fatendo
850 778 943 840 quam
969 761 1154 843 granaretur
1177 760 1320 844 negando

174 900 214 910 -
242 863 384 929 iustus
408 864 490 928 cuim
514 864 552 927 in
577 864 784 946 principio
810 867 1029 929 accusator
1053 868 1116 930 est
1140 866 1203 929 sui
1227 873 1321 932 —et

173 970 244 1034 ideo
277 971 377 1034 fleuit.
410 988 507 1052 quare
539 969 651 1034 fleuit?
681 971 756 1053 quia
783 971 877 1053 culpa
905 970 1047 1054 obrepsit
1076 971 1115 1035 ei.
1146 991 1203 1055 ego
1233 975 1319 1038 soleo

142 1077 259 1152 ¹allece,
293 1078 320 1140 si
351 1079 445 1158 culpa
472 1077 552 1140 milri
581 1077 674 1154 desit,
703 1077 763 1141 hoc
792 1081 840 1142 est
870 1078 897 1142 si
926 1096 986 1142 non
1014 1097 1064 1142 me
1092 1079 1264 1156 uindicem,
1293 1080 1320 1144 si

174 1203 235 1248 non
269 1183 428 1248 obtineam
461 1183 545 1265 qnod
577 1183 707 1266 inprobe
740 1185 846 1266 cupi03
881 1185 996 1248 Petrus
1030 1184 1133 1249 doluit
1160 1189 1192 1250 et
1219 1185 1319 1252 fleuit.
1341 1190 1451 1244 1523A

174 1291 249 1373 quia
272 1291 388 1354 errauit
415 1294 449 1354 ut
471 1290 576 1354 homo.
601 1309 662 1355 non
686 1291 813 1355 inuenio
838 1290 914 1372 quid
938 1291 1059 1366 dixerit,
1083 1292 1211 1356 inuenio
1236 1293 1321 1374 quod

173 1398 306 1461 fleusrit.
326 1397 473 1462 lacrimas
497 1398 565 1462 cius
589 1398 672 1482 lego,
697 1397 949 1462 satisfactionem
971 1417 1033 1462 non
1052 1398 1139 1483 lego;
1161 1399 1216 1464 sed
1236 1399 1321 1482 quod

175 1503 299 1568 defendi
332 1523 393 1568 nou
425 1507 532 1586 potest
565 1504 651 1569 ablui
683 1507 800 1586 potest.
833 1505 943 1570 lauent
974 1504 1122 1569 lacrimas
1156 1505 1319 1581 delictum,

129 1637 155 1675 lc
176 1610 260 1692 quod
290 1630 367 1675 uoco
395 1611 498 1693 pudor
525 1614 576 1676 est
604 1611 757 1676 confiteri.
789 1615 821 1676 st
843 1611 954 1676 ueniae
977 1611 1072 1676 fletus
1097 1614 1267 1678 consulunt
1290 1616 1322 1678 et

174 1717 392 1782 uerecundiae.
416 1717 564 1782 lacrimae
589 1719 657 1782 sine
676 1719 804 1782 horrore
824 1717 949 1799 culpam
967 1718 1151 1800 loquuntur,
1171 1717 1320 1784 lacrimae

176 1823 292 1888 crimen
308 1823 375 1888 sine
391 1823 563 1888 offensione
578 1824 788 1888 uerecundiae
809 1823 1007 1900 confitentur,
1027 1826 1175 1888 lacrimae
1194 1826 1320 1890 ueniam

175 1948 236 1993 non
259 1931 425 2012 postulant
448 1935 480 1994 et
502 1934 671 1995 merentur.
696 1931 802 1994 inueni
822 1949 878 1994 cur
897 1930 1033 1996 tacuerit
1050 1931 1175 2006 Petrus,
1195 1951 1234 1995 ne
1254 1935 1319 1996 tam

175 2037 238 2100 cito
253 2037 363 2100 ueniae
378 2037 489 2119 petitio
504 2039 577 2118 plus
597 2037 777 2102 offenderet.
798 2041 869 2102 ante
888 2037 1027 2102 flendum
1047 2041 1106 2115 est,
1127 2037 1173 2102 sic
1192 2057 1316 2120 presan·
1339 2044 1360 2096 Β

52 2150 103 2214 89
131 2169 155 2207 n
175 2143 260 2207 dum.
284 2144 384 2207 bonas
407 2143 565 2218 lacrimae,
591 2163 671 2230 quae
689 2145 799 2208 lauant
818 2144 955 2227 culpam.
976 2144 1110 2225 denique
1130 2163 1209 2224 quos
1228 2125 1319 2208 lesus

10 2272 60 2322 ‚cr
77 2284 117 2322 aq.
174 2250 306 2332 respicit
327 2251 462 2333 plorant.
485 2251 615 2335 negauit
637 2250 738 2332 primo
762 2251 877 2316 Petrus
901 2255 934 2314 et
957 2270 1017 2315 non
1041 2251 1141 2329 fleuit,
1161 2250 1236 2333 quia
1258 2269 1319 2314 non

174 2361 352 2437 respexerat
380 2357 537 2422 dominus.
567 2359 697 2441 negauit
724 2359 878 2423 secundo:
910 2377 970 2422 non
994 2357 1094 2434 fleuit,
1119 2358 1193 2439 quia
1217 2356 1320 2420 adhuc

175 2481 235 2526 non
264 2466 444 2546 respexerat
471 2463 629 2528 dominus.
658 2463 788 2548 negauit
816 2467 848 2527 et
874 2463 984 2528 tertio:
1009 2463 1147 2546 respexit
1172 2463 1263 2527 Iesus
1288 2467 1320 2527 et

172 2568 227 2632 ille
242 2568 439 2634 amarissime
453 2569 553 2634 fleuit.
569 2569 701 2650 respice,
718 2569 841 2634 domine
856 2571 940 2648 Iesu,
960 2571 998 2633 ut
1017 2570 1155 2634 sciamus
1174 2571 1318 2634 nostrum

126 2703 155 2742 an
174 2674 287 2738 deflere
314 2679 492 2758 peccatum.
521 2674 605 2740 unde
632 2677 726 2740 stiam
756 2675 866 2759 lapsus
896 2679 1076 2739 sanctorum
1105 2675 1206 2740 utilis.
1239 2675 1358 2740 nilrilc

173 2781 254 2844 milri
285 2783 394 2848 nocuit
427 2781 511 2864 quod
544 2783 673 2866 negauit
707 2783 836 2860 Petrus,
865 2781 985 2864 proluit
1013 2782 1098 2862 quod
1127 2781 1319 2848 emendauit.

174 2888 271 2952 didici
287 2907 398 2953 cauere
413 2889 561 2971 adloquia
576 2888 777 2970 perfidorum.
793 2888 906 2954 Petrus
926 2889 1008 2952 inter
1025 2887 1160 2954 Iudaeos
1179 2889 1318 2972 negauit,

51 2998 102 3061 90
174 2995 322 3060 Salomon
352 2994 556 3060 contubernio
588 2994 700 3076 gentili
730 2993 881 3077 deceptus
912 2993 1038 3058 errauit.
1067 2993 1158 3058 fleuit
1185 3012 1259 3077 ergo
1288 2997 1320 3060 et

262 3277 278 3328 3
297 3274 423 3328 Prouerb.
446 3275 487 3340 18,
508 3275 539 3328 l‘l
580 3276 611 3329 15
631 3275 800 3344 Augustinus
820 3274 853 3327 de
872 3276 961 3343 grstia
981 3273 1199 3339 curialitate
1219 3273 1318 3340 (bonae

173 3364 451 3420 ...resinosissima
464 3365 556 3434 fleuit)
611 3366 645 3418 23
664 3365 734 3433 ng.
752 3363 792 3417 lll
814 3364 854 3426 11,
873 3365 891 3416 4
911 3380 969 3432 sqq.

211 3538 273 3591 let
291 3541 314 3598 o
332 3555 352 3592 s.
372 3543 410 3602 u.)
431 3538 458 3592 P
542 3554 681 3592 accusasse
699 3537 753 3590 BL
843 3536 1102 3606 2inuegandoX
1189 3536 1317 3606 equare]

173 3627 266 3696 quiere
285 3628 305 3694 (i
324 3629 406 3694 erus.)
421 3628 447 3680 P
483 3629 498 3680 1
517 3629 627 3681 inuenio
648 3627 731 3696 qnod]
752 3627 806 3680 scio
827 3625 900 3696 quod
917 3627 1074 3682 Gratianus
1111 3629 1127 3681 9
1142 3633 1206 3696 post
1224 3627 1318 3680 lauant

173 3741 240 3798 add.
256 3759 319 3810 ergo
333 3742 386 3798 FO
424 3745 454 3796 11
470 3743 618 3812 loquuntur
631 3743 658 3796 P
671 3749 696 3796 et
709 3742 756 3812 (qu
772 3759 805 3796 cx
819 3708 861 3812 cu)
882 3741 906 3795 V
918 3743 1065 3812 loquantur
1078 3761 1096 3814 χ
1110 3747 1138 3810 (u
1152 3761 1173 3797 s.
1190 3761 1206 3796 a
1219 3746 1267 3796 m2
1280 3742 1318 3806 Ε)

171 3831 298 3884 locuntur
316 3836 363 3884 cet.
415 3833 448 3885 13
468 3832 506 3900 et]
527 3830 575 3884 sed
592 3831 666 3899 ΕγΤ
736 3831 863 3884 meritum
882 3831 913 3883 X
983 3830 1107 3902 tacuitp
1160 3831 1191 3882 15
1212 3831 1317 3900 culpam

172 3919 268 3972 lauant
284 3918 458 3987 Auprastiaue
549 3919 581 3972 16
596 3923 661 3986 post
679 3917 787 3988 plorant
807 3917 873 3969 add.
893 3916 1022 3970 delictum
1044 3917 1084 3990 Οχ
1171 3923 1235 3986 post
1255 3918 1318 3986 quia

173 4007 239 4063 odd.
263 4007 351 4061 adhuc
370 4027 387 4060 α
515 4008 547 4062 18
565 4009 647 4062 tertio
667 4011 696 4061 et
714 4007 801 4069 PBL,
822 4015 850 4058 et
869 4023 919 4060 orn.
943 4007 965 4060 0
987 4007 1028 4074 (ta
1046 4023 1100 4076 quo
1119 4008 1237 4076 respexit
1256 4023 1318 4061 eum

173 4085 227 4164 ilus)
299 4096 333 4150 20
353 4095 450 4150 deflere
470 4099 610 4166 peccatum
631 4113 681 4152 orn.
701 4115 719 4147 α
800 4093 890 4148 delere
910 4095 941 4148 X
1006 4101 1072 4163 post
1092 4101 1232 4164 peccatum
1252 4096 1318 4150 adel.

171 4185 265 4240 lauare
285 4185 412 4239 delictum
432 4185 507 4256 ΕγΤ
594 4186 633 4239 nil
651 4189 682 4254 (a,
701 4203 729 4242 u.
748 4203 782 4238 m.
802 4187 864 4253 rec.)
883 4184 951 4238 milri
970 4185 1062 4238 nocuit
1080 4186 1108 4238 Β
1126 4186 1193 4240 mihi
1212 4185 1251 4240 nil
1269 4186 1319 4253 (nil

171 4291 194 4329 s.
212 4291 240 4328 oe.
259 4277 316 4342 m2)
336 4275 429 4328 nocuit
449 4280 474 4340 (c
492 4291 513 4328 s.
533 4291 560 4331 u.
580 4275 635 4343 m2)
654 4275 682 4328 P
698 4274 764 4328 mihi
784 4274 849 4328 noui
867 4271 896 4327 id
914 4274 941 4327 L
1040 4275 1072 4326 21
1086 4265 1170 4328 'emen
1188 4274 1215 4326 P
1232 4273 1320 4342 (dauit

172 4381 194 4418 a.
213 4364 253 4434 u.)
272 4363 298 4416 L
353 4365 387 4418 23
407 4364 528 4417 salomon
548 4367 575 4432 (a
593 4380 626 4418 ecc
645 4365 670 4430 o)
695 4363 721 4416 V
790 4366 818 4417 et
837 4380 907 4419 eros.
927 4363 959 4426 P,
980 4379 1030 4418 om.
1052 4382 1086 4433 αχ
