3112 4936
225 449 286 512 166
696 449 894 503 Ambrosii

222 639 287 702 tica
318 639 506 704 auctoritate
538 641 714 718 damnatur,
751 643 937 725 praesertim
971 661 1042 706 eum
1081 642 1227 708 dominus
1260 649 1370 710 noster

222 747 313 810 lesus
338 745 483 811 Christus
506 765 561 828 per
587 747 705 810 lauacri
733 749 1003 831 regenerationem
1033 749 1179 814 omnibus
1208 750 1368 814 remissio·

223 872 294 917 nem
314 852 436 917 dederit
453 855 667 934 peccatorum,
687 855 747 918 nisi
765 859 803 919 ut
822 855 971 920 uitiorum
997 856 1100 939 magis
1125 875 1218 938 quam
1244 856 1367 939 generis

223 979 330 1024 semen
373 959 562 1044 intellegas?
596 959 682 1025 sicut
722 962 805 1026 enim
843 961 897 1043 qui
934 961 991 1026 filii
1030 962 1250 1044 promissionis
1292 967 1369 1027 sunt
1441 966 1529 1018 lssltt

223 1065 432 1130 aestimantur
459 1065 490 1129 in
519 1084 626 1131 semen
650 1069 779 1144 bonum,
803 1069 848 1132 ita
876 1068 972 1132 etiam
997 1067 1051 1150 qai
1073 1066 1132 1132 filii
1156 1067 1269 1132 erroris
1294 1071 1369 1132 strat
1402 1091 1415 1132 s

224 1171 432 1242 aestimantur
453 1172 484 1236 in
509 1191 615 1238 semen
635 1175 763 1239 malurn.
788 1194 860 1238 nam
885 1177 916 1238 at
934 1174 1044 1238 ludaei
1067 1193 1104 1238 er
1127 1177 1216 1257 patre
1242 1173 1367 1238 diabolo

222 1297 284 1344 non
322 1279 433 1360 utiquc
466 1279 567 1344 carnis
606 1281 820 1356 successione,
854 1281 909 1345 sed
947 1280 1098 1347 criminis.
1146 1300 1220 1365 ergo
1259 1299 1368 1344 omnes

223 1385 342 1469 cupidi,
367 1403 476 1448 omnes
500 1386 587 1450 suari
612 1385 701 1450 Giezi
724 1387 844 1470 lepram
869 1406 941 1451 cum
965 1387 1088 1451 diuitiis
1113 1387 1181 1451 suis
1204 1386 1370 1469 possident

226 1496 258 1556 et
286 1491 367 1555 male
395 1491 540 1572 quaesita
567 1493 711 1557 mercede
739 1513 800 1559 uon
832 1497 896 1556 tam
926 1493 1150 1575 patrimonium
1178 1493 1369 1558 facultatum

225 1617 318 1680 quam
342 1598 526 1662 thesaurum
550 1599 717 1663 criminum
742 1605 973 1684 congregarunt
999 1603 1124 1664 aeterno
1153 1599 1312 1682 supplicio
1337 1603 1370 1664 et
1388 1625 1414 1664 ro

223 1705 313 1770 breui
336 1705 452 1768 fructu.
476 1725 548 1769 nam
574 1724 645 1769 cum
671 1706 803 1770 diuitiae
832 1706 896 1770 sint
919 1705 1067 1784 caducae,
1091 1723 1191 1788 poena
1214 1709 1368 1789 perpetua

223 1812 380 1894 estquis
407 1831 507 1896 neque
536 1831 650 1878 auarus
678 1831 779 1894 neque
808 1812 950 1878 ebriosus
979 1831 1080 1895 neque
1103 1812 1199 1878 idolis
1225 1811 1367 1878 seruiens
1433 1818 1455 1871 Β

223 1939 355 2002 regnum
381 1918 431 1983 dei
453 1918 641 2001 possidebit.

98 2043 207 2095 assur.
268 2027 315 2090 Et
337 2027 489 2109 repleti
514 2029 608 2090 sunt
631 2027 690 2092 ira
710 2045 844 2092 omnes
864 2027 900 2090 iu
922 2045 1125 2110 synagoga
1145 2026 1242 2091 haec
1261 2027 1369 2092 audi-

225 2137 340 2198 entes
365 2137 404 2196 et
423 2137 689 2198 surrexerunt
709 2137 748 2198 et
767 2134 980 2198 eiecerunt
998 2133 1116 2197 illum
1136 2137 1247 2198 extra
1270 2134 1369 2199 ciui·
1390 2149 1416 2189 m

158 2239 199 2298 55
224 2245 358 2305 tatem.
400 2240 566 2324 sacrilegia
602 2240 802 2317 ludaeorum,
845 2259 925 2322 quae
961 2240 1064 2304 multo
1106 2243 1178 2304 ante
1220 2239 1369 2304 dominus

223 2349 498 2432 praenuntiauerat
517 2367 571 2430 per
590 2345 775 2430 proplietam
795 2350 827 2410 et
845 2345 961 2428 psalmi
979 2345 1138 2411 uersiculo
1156 2346 1371 2412 declarauerat

223 2475 304 2536 quae
327 2475 481 2537 passurus
506 2456 591 2518 esset
609 2454 639 2518 in
660 2473 788 2536 corpore
808 2453 1003 2517 constitutus
1023 2452 1147 2517 dicens:
1172 2453 1368 2518 retribue·

224 2561 319 2625 bant
344 2561 442 2626 mihi
464 2563 567 2626 mals
589 2581 657 2644 pro
682 2561 810 2636 bonis,
841 2561 873 2624 in
898 2559 1062 2642 euangelio
1087 2559 1181 2624 docet
1204 2578 1274 2624 esse
1298 2577 1369 2624 ccu—
1437 2565 1458 2617 C

223 2669 320 2750 plata.
353 2688 425 2732 nam
454 2688 527 2732 cum
559 2669 627 2751 ipse
660 2687 716 2751 per
746 2667 881 2750 populos
912 2665 1063 2730 beneficia
1092 2665 1290 2742 diffunderet,
1321 2665 1371 2728 illi
1389 2680 1418 2719 eo

223 2775 354 2840 iniurias
387 2774 584 2859 inrogabant.
618 2793 673 2838 noc
703 2774 816 2838 mirum
846 2773 873 2836 si
902 2771 1107 2855 perdiderunt
1134 2771 1281 2850 salutem,
1316 2771 1371 2854 qui

224 2883 387 2946 eiecerunt
419 2882 457 2945 de
490 2881 556 2945 suis
584 2880 700 2946 finibus
734 2880 920 2956 salutarem
954 2878 1083 2943 moralis
1112 2878 1195 2941 enim
1223 2878 1371 2942 dominus

226 2993 258 3052 et
291 2987 344 3069 qui
375 2987 517 3052 docuerit
545 2987 685 3069 exemplo
715 2987 765 3050 sui
794 2985 956 3069 apostolos
986 3003 1061 3048 suos
1091 2984 1238 3048 omnibus
1267 2983 1372 3048 omnia

226 3095 293 3159 tisri
316 3113 372 3159 nco
396 3094 539 3160 uolentes
563 3093 709 3176 repudiat
732 3113 788 3157 nec
811 3093 929 3158 inuitos
958 3091 1070 3174 alligat
1097 3109 1153 3154 nec
1182 3089 1372 3154 sicientibus

317 3375 405 3427 2111.
426 3377 486 3438 3,5
558 3373 670 3426 lllom.
690 3373 715 3440 9,
735 3374 759 3439 8,
780 3371 869 3426 Galat.
888 3373 913 3438 4,
933 3373 967 3424 28
1041 3370 1233 3432 alausas
1307 3369 1372 3423 121

229 3463 429 3532 Cor.6‚i)sq.
495 3463 527 3516 18
546 3461 590 3517 Pe.
612 3461 653 3525 34,
675 3463 707 3514 12
763 3460 1014 3526 restaurasse
1070 3457 1216 3514 Qthor.
1236 3461 1260 3522 9,
1280 3457 1314 3511 22

267 3643 278 3693 1
300 3645 392 3694 noster
410 3656 461 3693 om.
481 3640 511 3691 X
576 3640 592 3693 3
608 3644 672 3706 post
692 3643 861 3708 pcccatorum
883 3635 947 3688 add.
971 3635 1128 3688 Gratianus
1147 3651 1194 3686 cur
1213 3649 1277 3702 ergo
1297 3631 1374 3687 Giszi

230 3747 320 3784 semea
340 3730 367 3782 in
386 3732 509 3782 eternum
529 3728 690 3796 dampnatur
770 3725 1013 3795 4promissiouum
1035 3723 1193 3778 Gratianus
1277 3721 1374 3776 tert

230 3819 417 3874 existimantur
443 3817 600 3872 Gratianus
689 3818 705 3870 5
730 3815 780 3869 filii
805 3831 855 3868 ora.
882 3813 1040 3868 Gratianus
1134 3812 1150 3866 6
1179 3809 1287 3864 diabolo
1311 3816 1376 3864 sunt

233 3909 390 3963 Gratianus
507 3907 523 3959 8
552 3906 702 3974 quaesitam
730 3903 877 3958 mercedem
906 3903 937 3956 X
1064 3901 1080 3952 9
1108 3901 1272 3970 patrimonio
1300 3898 1377 3952 Fer

266 3995 421 4066 patrimonii
439 3993 596 4050 facultatem
620 3993 778 4048 Gratianus
849 3992 1024 4045 thensaurum
1044 3993 1072 4058 (n
1091 3993 1171 4052 eras.)
1186 3989 1213 4041 B
1260 3989 1292 4042 10
1311 4005 1375 4042 cou-

232 4087 415 4156 gregausrunt
438 4084 468 4136 X
575 4083 606 4136 11
632 4099 746 4152 poenam
770 4085 807 4147 (m
831 4083 912 4144 cras.)
936 4079 963 4132 P
1071 4081 1103 4132 14
1127 4093 1219 4131 omnes
1242 4079 1283 4131 irs
1302 4077 1333 4130 X
1349 4085 1376 4131 ct

231 4175 317 4243 (siptis
341 4171 365 4224 ſs
394 4189 415 4226 s.
438 4172 548 4239 positis)
573 4171 602 4224 E
709 4173 741 4224 17
769 4169 914 4240 prophetas
943 4167 966 4222 G
1072 4166 1107 4219 22
1134 4163 1298 4219 saluatorem
1322 4165 1377 4218 PL

232 4263 376 4316 salutarem
401 4261 572 4328 (saluatorem
596 4262 710 4328 corula
800 4260 834 4312 23
860 4257 988 4312 docuerat
1013 4253 1117 4310 GGLO
1141 4253 1290 4309 docuerunt
1308 4257 1336 4324 (a
1352 4270 1377 4308 s.

232 4369 267 4406 un
287 4355 343 4418 ra2)
363 4352 389 4404 P
