3108 4932
313 473 452 542 Exposibio
473 475 607 544 euangelii
625 475 714 530 Lucae
735 475 770 528 VI
790 477 895 531 72-74
914 478 995 546 (1400
1014 478 1144 532 1)-1401
1167 477 1207 543 Ο).
1269 483 1333 546 263

187 669 219 732 in
248 669 312 740 uia,
336 668 396 731 hoc
429 671 479 732 esb
511 668 618 732 deficii-
649 669 701 732 nel
733 669 765 733 in
797 670 892 734 iscius
926 689 1020 736 cursu
1053 673 1139 736 uitae
1169 673 1220 736 uel
1249 677 1334 736 nate·

190 774 343 854 quemad
367 778 463 857 caput
485 775 648 858 perueniat
665 776 747 851 uiae,
772 781 939 859 antequam
963 780 1127 860 perueniab
1150 779 1189 842 ad
1212 783 1334 861 patrem

190 885 222 944 eb
258 881 424 964 intellegat
462 882 545 964 quod
582 901 617 945 ex
654 888 742 964 patre
781 883 926 948 Christus
966 890 1024 965 cst,
1051 886 1216 969 intellegat
1250 887 1333 969 quod
1447 937 1451 942 .

191 987 336 1052 Christus
366 1007 382 1052 e
415 991 500 1052 caelo
534 991 565 1052 et
595 989 772 1072 intellegat,
800 991 884 1072 quod
918 989 1063 1057 Christus
1092 993 1145 1074 qui
1170 993 1334 1058 deseendit

159 1097 258 1178 aipse
292 1102 342 1159 esc
374 1096 428 1178 qui
457 1095 608 1176 ascendit,
641 1117 679 1160 ne
712 1098 898 1174 forbacum
932 1101 1087 1182 acceperit
1119 1100 1203 1182 qucrl
1241 1104 1334 1164 natus

190 1222 226 1266 ex
250 1202 374 1286 uirgine
399 1205 458 1281 esi,
486 1204 619 1288 incipiat
641 1221 702 1267 nnn
727 1203 777 1267 dei
806 1205 970 1284 uirtutem,
1000 1206 1055 1270 sed
1078 1207 1216 1272 bominis
1241 1207 1334 1271 aesti-

190 1309 283 1373 mare.

73 1403 119 1466 74
234 1415 378 1498 Ergone
402 1415 558 1494 deficiant,
581 1416 698 1500 inquit:
723 1417 807 1481 date
830 1417 913 1483 illis
941 1438 1008 1483 uos
1032 1419 1265 1484 manducare.
1297 1421 1333 1483 at
1357 1433 1468 1488 14011

61 1530 128 1582 1113
190 1521 252 1585 illi
272 1521 461 1586 dixerunt:
482 1541 553 1586 ncn
574 1525 662 1586 sunt
680 1523 788 1588 nobis
808 1525 893 1607 plus
913 1545 1019 1608 quam
1041 1527 1201 1610 quinque
1220 1545 1333 1608 panes

144 1653 171 1691 ιο
191 1633 227 1692 et
256 1629 326 1692 duc
355 1612 598 1712 pi'sces,‘²ir'isi
627 1649 842 1694 noscamus
871 1635 907 1695 ei
936 1651 1099 1697 emamus
1127 1633 1163 1697 in
1193 1651 1333 1696 omnem

190 1737 283 1799 banc
315 1735 461 1800 turbam
495 1755 609 1800 escas.
642 1737 779 1801 nondum
812 1737 1029 1802 intellexerant
1061 1739 1196 1820 apostoli
1228 1739 1333 1802 cibum

190 1841 299 1924 pepuli
323 1841 479 1906 credentis
502 1861 563 1906 non
588 1861 658 1907 esse
681 1843 835 1908 uenalem.
861 1847 994 1908 nouerat
1018 1844 1174 1922 Christus,
1203 1848 1335 1909 nouerat

189 1949 260 2031 ipse
283 1968 340 2013 nos
362 1950 470 2030 potius
495 1967 564 2013 esse
588 1949 796 2022 redimendos,
826 1969 900 2013 suas
924 1969 998 2015 uero
1028 1951 1138 2034 epulas
1167 1953 1333 2036 gratuitas.

190 2055 327 2118 nondum
345 2073 417 2138 erge
433 2055 590 2119 habebant
605 2055 754 2138 discipuli
769 2055 886 2134 cibum,
907 2057 961 2136 qui
975 2056 1128 2120 redimere
1143 2077 1200 2121 nes
1215 2061 1334 2140 posset.

146 2161 348 2226 rehabebant
370 2165 475 2226 tamen
498 2161 561 2224 iam
586 2159 702 2240 cibum,
732 2163 785 2244 qui
809 2163 923 2227 satiare
947 2181 1003 2226 uos
1028 2166 1147 2246 posset,
1177 2164 1376 2228 habebaan

191 2268 307 2344 cibum,
341 2268 396 2350 qui
424 2267 607 2332 confirmare
635 2285 691 2331 uos
720 2273 842 2350 possen
876 2267 983 2350 panis
1018 2269 1101 2332 enim
1134 2269 1335 2333 confirmet

190 2393 253 2439 ccr
272 2374 443 2439 hominis.
463 2374 631 2438 miseretur
650 2393 724 2458 erge
744 2375 900 2452 dominus,
920 2394 959 2438 ne
984 2375 1053 2457 quis
1074 2375 1200 2440 deficiat
1218 2376 1249 2439 in
1269 2376 1332 2442 uia.

191 2483 312 2563 siquis
337 2481 594 2565 ergodefecerib,
624 2500 683 2544 non
712 2501 767 2564 per
796 2481 956 2546 dominnm
985 2483 1103 2560 Iesum,
1133 2483 1188 2546 sed
1216 2501 1272 2564 per
1299 2501 1333 2546 se

190 2589 306 2664 deficit,
338 2608 395 2654 nec
428 2589 525 2653 babes
558 2589 642 2672 quod
675 2589 834 2653 adscribas
868 2587 1004 2666 dominc,
1039 2589 1092 2671 qui
1125 2589 1226 2652 uincit
1260 2609 1332 2653 cum

144 2695 357 2761 uindicatur.
386 2695 461 2779 quid
485 2696 567 2760 enim
593 2695 678 2761 dicas
703 2697 731 2761 ei
755 2695 809 2778 qui
833 2695 864 2758 in
889 2698 920 2760 ie
944 2697 1080 2760 contulit
1103 2695 1208 2760 emnia
1230 2694 1333 2760 firma·

190 2807 296 2866 menta
323 2802 477 2866 uirtutis?
505 2821 606 2866 nonne
633 2805 665 2866 be
693 2802 761 2886 ipsc
790 2802 910 2886 genuit,
939 2821 1040 2866 norme
1069 2802 1136 2884 ipse
1164 2805 1196 2866 te
1225 2802 1333 2884 panib?

190 2909 280 2973 cibus
300 2909 367 2972 eius
387 2909 489 2973 uirtus
509 2913 568 2984 esi,
593 2909 683 2973 cibus
704 2909 771 2972 eius
791 2907 943 2972 fortitudo
963 2910 1021 2974 est.
1047 2909 1102 2972 sed
1122 2909 1150 2972 si
1173 2911 1208 2972 tu
1229 2909 1333 2992 negle-

190 3017 297 3100 gentia
310 3020 367 3080 tua
380 3017 533 3080 uirtubem
548 3035 642 3098 quam
658 3033 822 3098 acceperas
837 3014 1012 3097 perdidisti,
1033 3034 1092 3078 uon
1111 3015 1332 3079 alimentorum

190 3124 385 3200 caelestium,
415 3121 471 3187 sed
494 3126 568 3186 tuae
591 3120 705 3186 mentis
730 3121 789 3184 bibi
813 3121 970 3204 praesidia
993 3120 1167 3185 defuerunt.
1200 3121 1332 3203 denique

278 3404 295 3456 4
314 3401 411 3471 Ephes.
430 3402 455 3467 4,
476 3399 521 3464 10,
542 3399 574 3452 ci.
593 3397 652 3452 Iob.
672 3399 697 3462 3,
719 3399 751 3452 13
818 3399 850 3451 15
869 3399 912 3452 Ps.
934 3399 993 3462 103,
1015 3399 1048 3452 15
1113 3398 1146 3452 18
1164 3399 1242 3452 Rom.
1261 3400 1286 3463 3,
1306 3401 1332 3463 4,

189 3495 233 3550 Ps.
252 3491 294 3557 50,
314 3492 330 3543 6

226 3667 238 3720 1
261 3665 361 3718 defecit
379 3663 423 3716 Ρα
442 3662 462 3727 (1
481 3677 502 3714 a.
522 3678 536 3714 e
557 3663 617 3727 alt.)
709 3663 724 3716 3
745 3661 818 3731 quod
838 3679 868 3715 er
887 3665 964 3731 patre
984 3662 1108 3717 Christus
1128 3667 1170 3716 est
1187 3663 1332 3732 intellegat

187 3771 239 3810 om.
267 3753 324 3806 ET
430 3757 472 3804 est
500 3754 528 3803 eb
554 3749 697 3817 intellegat
728 3751 769 3820 Gr
882 3751 1027 3818 intellegat
1060 3751 1131 3819 qaod
1164 3751 1288 3806 Christus
1318 3767 1331 3803 c

188 3844 262 3898 casio
287 3845 315 3895 eb
336 3840 481 3908 intellegat
505 3837 575 3907 quod
600 3837 723 3892 Christus
747 3855 798 3891 om.
822 3837 905 3891 PBL
1013 3839 1120 3892 ccaelc
1142 3845 1169 3893 et
1188 3839 1333 3910 intellegat

186 3931 259 4002 qued
278 3929 401 3986 Christus
420 3945 471 3982 one.
493 3928 527 3989 X,
547 3945 568 3983 s.
588 3945 614 3980 cc,
637 3927 700 3980 cdd.
720 3930 782 3995 (cnr.
803 3929 840 3992 ci)
862 3927 885 3981 U
948 3925 1069 3981 Christus
1089 3945 1139 3982 cna.
1160 3929 1216 3982 ET
1287 3930 1332 3998 qui

186 4021 318 4089 ascendit]
339 4022 367 4072 et
387 4018 432 4088 qui
452 4015 575 4070 ascendit
590 4015 698 4078 affl,
719 4033 768 4070 om.
790 4015 857 4068 Vos
930 4019 945 4070 5
962 4022 1026 4082 post
1045 4016 1167 4070 ascendit
1187 4017 1251 4069 add.
1273 4035 1332 4072 cum

185 4112 244 4180 ipso
265 4109 333 4177 (ipse
353 4107 389 4172 R)
414 4111 456 4159 est
474 4105 553 4158 PBL
606 4105 638 4158 10
658 4103 725 4157 duos
745 4107 767 4174 (s
790 4111 870 4166 erma.)
887 4104 967 4158 PBG
975 4105 996 4156 V
1046 4105 1076 4158 11
1098 4105 1288 4159 intellexerant
1307 4111 1334 4174 (a

184 4199 216 4252 in
234 4199 300 4264 raa.)
319 4195 345 4248 L
364 4196 556 4248 intellexerunt
574 4193 605 4245 X
687 4193 719 4247 13
739 4193 874 4262 gratuitas
894 4192 978 4246 donat
997 4213 1014 4264 χ
1092 4195 1126 4248 20
1145 4197 1185 4264 te]
1206 4211 1234 4248 re
1252 4195 1333 4248 PBL

184 4289 216 4342 21
237 4287 295 4356 ipse
315 4289 343 4338 bs
367 4285 463 4353 genuit
486 4283 547 4348 αΧ,·
561 4287 626 4350 post
649 4284 676 4335 ie
700 4283 758 4351 ipsc
784 4283 878 4352 gennit
902 4281 967 4334 cdd.
993 4299 1081 4336 nonne
1105 4283 1163 4352 ipse
1183 4286 1210 4337 be
1236 4286 1333 4353 genuit

183 4375 210 4430 L
282 4373 387 4442 teipsa
407 4371 520 4441 pauiiy„
574 4371 608 4423 22
628 4370 650 4422 si
669 4374 754 4424 tuan
774 4377 798 4424 et
817 4375 843 4440 (a
862 4373 942 4436 cras.)
961 4369 1014 4424 PL
